2486 3735
1046 425 1186 471 (61)

262 504 344 540 apice
360 501 751 539 subdilatato-emarginatis
765 501 1137 537 sanguineo-subharbatis
1150 501 1376 531 imberhibusve
1387 524 1394 537 ,
1410 501 1590 539 receptaculi
1602 501 1725 529 feminei
1741 505 1749 532 (
1765 501 1851 539 louge
1863 503 1976 539 pedun-

263 554 370 590 culati)
390 553 482 582 barba
497 552 647 587 obsoleta,
663 551 774 579 latente
786 550 918 579 nullate

295 607 454 637 'rai-gioneua
469 606 601 636 epiphyna.
617 605 702 634 Despr.
715 612 771 627 cum
782 606 852 627 icone
869 604 913 626 suh
929 611 953 627 η.
975 606 1030 627 117.

296 652 416 682 Hepatica
432 653 523 677 minor,
539 649 706 680 angustisolia‚
720 649 830 679 capitulo
843 649 1041 678 hemisphaerica
1058 649 1129 673 Miclz.
1146 650 1208 674 Νου.
1224 652 1296 679 Gv11.,
1315 659 1339 682 p,
1356 654 1379 681 5,
1398 656 1415 676 ι,
1429 652 1481 680 9,,12
1498 654 1521 675 5,

295 698 387 722 Lichen
403 697 508 728 pileatus
518 695 693 725 angustitonus
704 695 872 718 dichotomus.
887 694 945 718 Dill.
960 695 1025 717 Hist.
1039 695 1128 723 Musa,
1146 703 1170 725 p.
1190 698 1246 722 520,
1263 701 1281 721 t.
1294 699 1335 729 75,
1354 698 1405 727 125,
1427 699 1454 722 B.

295 742 447 768 Marchamia
460 742 613 771 androgyna.
627 741 669 763 Lin
695 742 738 770 Sp.
750 740 802 768 PL}
819 746 844 769 p.
858 740 932 763 1603.
952 739 1024 770 (excl.
1048 740 1158 765 Jamaica
1170 742 1269 772 patria).

293 788 448 813 Marchantia
465 787 586 810 triandra.
602 786 675 816 Scop.
690 786 725 809 Fl.
740 787 824 815 Gara„
840 792 867 813 11,
886 792 911 815 p.
928 786 985 814 554,
1003 791 1028 808 n.
1045 787 1116 814 1556,
1136 789 1153 809 ι.
1169 788 1199 810 65
1213 786 1354 818 (perperam
1371 789 1426 812 sub.
1446 795 1471 812 n.
1490 790 1577 819 1555.)
1594 788 1643 812 DC.
1661 790 1720 820 Syn.
1738 789 1775 812 Fl.
1792 788 1867 814 Gall„
1893 796 1915 817 p.
1935 790 1975 811 91.

260 834 339 864 Dnby,
350 835 409 857 Bot.
427 833 501 861 Gall.,
519 839 544 862 p.
558 833 614 856 591.
630 832 722 859 Bathte,
737 832 850 860 Dissert.‚
865 838 888 861 p.
907 833 948 859 73,
969 834 987 854 t.
1004 832 1028 859 1,
1043 830 1060 854 l'.
1078 833 1101 854 1.

292 878 431 902 Grimaldia
446 878 595 902 dichotoma.
612 878 691 901 Raddi
705 878 729 900 in
744 877 834 908 Opusc.
847 877 940 900 Scienl.
960 876 984 899 di
1000 876 1102 907 Boloy„
1116 882 1142 904 n,
1156 883 1180 907 p.
1197 879 1254 902 556.
1271 879 1350 902 Risch.
1366 880 1492 903 Bermerti.
1507 881 1545 904 ub.
1571 881 1611 903 (lie
1620 882 1730 904 Leberm.
1744 882 1767 904 in
1786 881 1848 905 Nov.
1869 883 1923 904 Αιι.
1936 884 1977 905 Ac.

261 923 316 947 Nat.
331 924 400 953 Can,
419 930 495 952 xviii,
509 924 533 953 ⁵2,
546 931 570 954 p,
590 925 655 947 1025
671 923 752 954 (117),
771 926 790 946 t.
803 924 835 947 68
849 942 855 952 ,
870 922 887 946 s.
911 924 936 951 2,
957 923 1061 952 optima.
1080 922 1141 945 Nem
1157 924 1186 946 alu
1207 924 1294 948 Esenb.
1314 925 1373 948 Eur.
1391 925 1512 953 Leberm.,
1532 933 1568 954 iv,
1588 933 1611 956 p.
1625 928 1682 950 240.
1697 927 1729 949 De
1748 927 1816 950 Ners.
1841 927 1976 956 Hepmicol⁴

258 969 325 996 leat„
338 976 363 1000 p.
375 970 416 993 57.

298 1014 371 1042 ΗΔΒ.
390 1014 424 1042 In
440 1015 543 1043 scoriis
557 1013 704 1043 vulcaniis
716 1013 939 1052 decompositis‚
955 1013 986 1041 in
1004 1012 1159 1041 montibus
1174 1014 1328 1043 altissimis
1340 1015 1444 1044 insulae
1454 1015 1602 1052 Canariae,
1616 1018 1710 1055 prope
1722 1027 1831 1055 rupem
1851 1019 1978 1045 Terztem'-

258 1066 356 1103 gilada
371 1088 378 1101 ‚
395 1065 547 1095 Novemb.
568 1066 642 1095 1838
654 1088 661 1102 ,
681 1065 753 1104 legit
771 1072 801 1094 et
822 1065 859 1093 ad
874 1064 960 1093 clarr.
979 1063 1079 1092 Webb
1093 1071 1123 1093 et
1135 1064 1290 1096 Bertlielot
1304 1067 1469 1105 specimina
1477 1067 1633 1096 fructifera
1646 1091 1654 1104 ‚
1670 1068 1831 1097 frondibus
1845 1080 1975 1108 quorum

259 1119 358 1146 Rc'ccia
369 1118 512 1147 lamellosa
526 1114 667 1147 immixta
680 1125 755 1153 erat,
771 1118 855 1146 misit
867 1116 903 1145 cl.
918 1116 1101 1154 Despreaux.

298 1169 425 1199 Dis‘rmn.
437 1180 522 1199 θεοῦ.
533 1170 568 1199 In
578 1169 666 1198 Italia
680 1169 817 1206 <M1·cheli,
830 1168 937 1205 Raddi‚
951 1168 1047 1196 Balbis
1054 1169 1178 1208 aliique),
1193 1171 1221 1198 in
1233 1170 1370 1200 Sardinia
1382 1172 1436 1208 (De
1443 1173 1585 1209 Notaris)‚
1595 1173 1626 1201 in
1636 1172 1773 1202 Carniolzi
1782 1175 1929 1210 (Scopolz'),
1947 1176 1976 1203 in

258 1221 458 1251 Pedemontio
470 1224 630 1259 (Thomas),
648 1223 678 1250 in
692 1221 792 1250 Sicilia
804 1224 813 1258 (
826 1222 933 1249 Βίνοηα
948 1224 969 1257 ),
984 1221 1014 1249 in
1030 1220 1192 1259 Campania
1205 1224 1284 1261 regui
1302 1223 1494 1262 Neapolitani
1506 1225 1680 1264 (Gasparino
1692 1230 1712 1261 )‚
1728 1227 1759 1254 in
1771 1225 1885 1265 Algerizi
1904 1226 1974 1265 (ΜΤ.

257 1274 426 1314 Schz'mper),
438 1274 509 1304 locis
520 1275 698 1313 graminosis
719 1274 925 1312 muscosisque
936 1295 945 1309 ,
961 1275 1126 1311 praesertim
1142 1274 1278 1313 suhipsis
1293 1275 1446 1303 radicibus
1454 1276 1500 1304 vel
1514 1278 1593 1305 inter
1605 1277 1724 1306 fissuras
1733 1280 1858 1316 rupium
1875 1281 1976 1316 caespi-

257 1328 319 1356 tose
334 1328 421 1357 vivit.
437 1326 533 1356 Florae
548 1327 720 1365 parisiensis
730 1326 788 1355 loci
804 1325 930 1355 indicati
942 1325 1117 1355 mihivalde
1131 1325 1217 1355 dubii
1231 1335 1310 1356 sunt.

828 1455 1152 1489 FIMBRIARIA.
1193 1457 1232 1489 N.
1267 1466 1316 1490 ΑΒ
1350 1457 1390 1489 E.

306 1543 590 1576 RECEPTACULUM
609 1539 804 1574 femineum
828 1538 1110 1586 pedunculatum
1130 1539 1183 1574 vel
1205 1539 1373 1587 utrinque
1391 1540 1539 1587 planum
1554 1568 1562 1583 ‚
1583 1542 1640 1577 vel
1668 1554 1871 1578 convexum
1886 1571 1895 1586 ,
1917 1552 1975 1580 aut

256 1600 423 1636 conicum
442 1600 638 1647 subtusque
652 1611 850 1636 concavum
863 1627 872 1644 ‚
888 1606 1272 1647 mono-tetracarpum‚
1290 1599 1452 1647 margine
1469 1601 1611 1648 integro
1629 1608 1690 1637 aut
1712 1602 1973 1640 inciso-lobato.

257 1664 487 1696 PEDUNCULUS
518 1660 636 1696 frondi
671 1660 866 1696 continuus
898 1660 977 1707 plus
1008 1660 1171 1695 minusve
1202 1659 1644 1706 paleaceo-involucratus.
1678 1666 1880 1700 INVOLUCRA
1922 1668 1978 1700 1-Ιι

255 1720 405 1768 margini
438 1720 654 1769 receptaculi
684 1721 856 1757 continua
874 1721 1304 1768 tubuloso-campanulata
1328 1720 1450 1757 brevia
1481 1722 1652 1758 deorsum
1682 1723 1740 1759 vel
1771 1727 1978 1761 extrorsum

255 1793 357 1817 versa
375 1792 605 1829 monocarpa.
634 1784 883 1819 PERIANTHIUM
902 1782 1131 1829 prominens,
1153 1788 1315 1825 ovatum,
1342 1781 1538 1830 oblongum
1555 1784 1782 1829 conicumve,
1800 1785 1977 1833 profunde

255 1841 472 1878 multifidum
495 1842 600 1890 (6-16
628 1842 761 1890 fidum)
787 1842 926 1878 laciniis
958 1843 1058 1890 apice
1086 1842 1352 1878 collaerentibus
1378 1850 1440 1878 aut
1464 1843 1616 1879 demum
1643 1845 1764 1881 liberis
1793 1847 1971 1883 membra

254 1902 554 1950 naceo—hyalinis.
589 1905 771 1939 CALYPTRA
796 1903 889 1950 stylo
918 1903 1026 1950 longo
1053 1909 1244 1945 coronata,
1268 1902 1334 1939 sub
1360 1903 1479 1939 fructu
1497 1915 1728 1941 evanescens.
1750 1910 1907 1944 CAPSULA
1928 1908 1977 1943 in-

253 1963 390 1999 volucri
408 1970 444 1999 et
471 1963 662 2012 perianthii
680 1964 855 2000 ambitum
887 1964 962 2000 basi
990 1964 1155 2012 implens,
1186 1970 1300 2008 tecta,
1326 1971 1428 2001 ovata
1457 1965 1664 2013 globosam,
1679 1967 1788 2015 supra
1816 1969 1975 2005 medium

254 2024 426 2071 operculo
445 2024 654 2068 dehiscens,
682 2025 859 2073 pedicello
874 2024 1089 2061 brevissimo
1112 2025 1340 2071 receptaculo
1358 2024 1542 2062 immerso.
1567 2030 1755 2066 ELATERES
1774 2030 1847 2065 cito
1870 2031 1976 2066 soluti

253 2084 541 2132 mono-dispiri,
575 2085 733 2121 folliculo
768 2085 997 2133 persistente.
1032 2088 1163 2120 SEMINA
1193 2083 1362 2132 angulosa
1400 2085 1578 2123 subtiliter
1609 2088 1845 2127 tuberculata.
1885 2094 1976 2128 FLos

255 2145 453 2181 monoicus.
480 2148 694 2182 MAscums:
715 2146 835 2182 discus
852 2146 888 2181 in
916 2146 1041 2182 eadem
1067 2146 1176 2192 stirpe
1204 2145 1404 2181 retrorsum
1425 2145 1446 2181 a
1463 2148 1669 2194 pedunculo
1700 2150 1811 2195 situs,
1840 2152 1975 2188 frondis

254 2211 364 2240 costae
383 2205 526 2252 penitus
554 2205 746 2242 immersus
776 2213 812 2241 et
842 2206 987 2242 innatus
1003 2233 1011 2249 ,
1033 2205 1256 2252 epidermide
1285 2212 1420 2251 tectus,
1446 2209 1653 2256 papillosus.
1675 2213 1878 2248 FEMlNEus:
1900 2213 1973 2259 pis-

252 2264 369 2300 tillum
387 2265 422 2300 in
446 2265 586 2313 singulo
618 2266 805 2303 involucro
825 2266 1041 2314 receptaculi
1061 2266 1254 2313 singulum.
1285 2269 1457 2304 chrnuu
1483 2280 1709 2316 gemmarum
1732 2272 1833 2307 nulli.
1856 2275 1971 2316 Vege-

253 2325 339 2361 tatio
358 2325 529 2362 frondosa
543 2354 552 2368 ,
574 2326 681 2363 bifida
700 2334 762 2363 aut
784 2340 830 2364 ex
854 2328 955 2375 apice
979 2327 1165 2363 innovans.

300 2387 432 2422 Plantae
451 2387 649 2435 rupincolae
664 2415 673 2431 ‚
696 2389 879 2425 terricolae
899 2395 960 2424 aut
976 2388 1184 2425 muscicolae
1200 2415 1208 2432 ‚
1230 2388 1265 2423 in
1281 2390 1465 2426 montibus
1484 2391 1703 2440 Alpibusque
1723 2394 1832 2430 totius
1847 2396 1945 2432 orbis
1961 2424 1969 2439 ‚

253 2447 324 2483 tam
350 2448 538 2495 regionum
561 2449 784 2496 tropicarum
801 2449 909 2497 quam
928 2448 1262 2497 septentrionalium
1283 2449 1497 2487 habitantes.

713 2558 1012 2587 FIMBRIARIA
1044 2558 1304 2588 AFRICANA.
1342 2558 1508 2590 MONTAG.

292 2634 325 2663 F.
338 2634 444 2664 fronde
457 2636 686 2665 membranacea
698 2636 857 2665 latiuscula
867 2636 973 2665 lineari
989 2654 1001 2659 -
1015 2636 1141 2665 cuneata
1152 2634 1254 2665 biloba
1268 2635 1399 2665 bifidave
1410 2659 1417 2673 ‚
1430 2636 1507 2666 lobis
1521 2640 1714 2678 emarginatis
1725 2664 1732 2678 ‚
1749 2641 1846 2671 limbo
1863 2644 1971 2673 subtus

251 2684 375 2724 oblique.
395 2688 634 2727 tenuissimeque
649 2688 811 2725 veuuloso,
828 2690 963 2728 squamis
977 2688 1121 2718 brevibus
1147 2687 1305 2724 obsoletis,
1321 2687 1457 2728 oblongis
1470 2696 1524 2718 aut
1545 2694 1833 2723 ovato-acuminatis
1851 2703 1971 2726 antror-

252 2738 319 2766 sum
336 2739 428 2767 versis
439 2760 447 2775 ,
462 2741 610 2779 margines
622 2740 845 2770 suhundulatos
856 2743 988 2781 integros
1000 2752 1060 2770 non
1072 2739 1303 2780 attingentibus,
1315 2739 1487 2778 pedunculo
1499 2741 1562 2771 basi
1577 2745 1721 2784 apiceque
1734 2745 1816 2775 nudo
1831 2749 1970 2778 striatulo

251 2789 394 2819 celluloso
414 2791 564 2829 pellucido
573 2814 581 2828 ‚
596 2793 783 2832 receptaculo
794 2793 927 2823 femineo
943 2804 1076 2824 convexo
1097 2792 1264 2822 umbonato
1276 2814 1283 2828 ,
1297 2791 1430 2822 umbone
1443 2803 1567 2834 rugoso,
1582 2796 1621 2825 ad
1635 2797 1773 2826 medium
1788 2799 1970 2838 quadrilobo

250 2841 358 2870 subtus
373 2841 506 2872 breviter
522 2842 650 2873 barbato
662 2867 670 2880 ,
688 2845 869 2883 perianthiis
882 2846 1071 2877 brevissimis
1083 2845 1236 2875 subovatis
1250 2843 1327 2874 albis
1345 2845 1482 2883 sexfidis,
1498 2847 1613 2876 laciniis
1629 2850 1969 2890 ovato-triangularibus

251 2894 400 2924 subulatis
415 2896 534 2924 mature
545 2895 661 2926 solutis.

285 2948 435 2972 Fimbriana
449 2948 608 2974 intermedia.
624 2949 735 2981 Momay.
748 2951 832 2982 Crypt.
846 2952 929 2983 Alqer.
945 2952 969 2975 in
979 2954 1042 2975 Anu.
1059 2953 1098 2975 Sc.
1118 2956 1168 2975 ηαι.
1179 2953 1205 2974 2⁸
1220 2953 1266 2974 ser.
1287 2952 1385 2975 Romu..
1400 2956 1461 2975 tom.
1476 2959 1501 2980 x,
1516 2960 1540 2982 p.
1558 2955 1615 2978 334.

293 2991 361 3021 ΗΑΒ.
380 2992 414 3021 Iu
430 2993 528 3022 insula
539 2993 663 3023 canaria
677 2996 693 3023 a
708 2994 793 3026 clarr.
809 2995 907 3025 Webh
929 3003 958 3025 et
974 2996 1128 3026 Berthelot
1144 2995 1268 3024 detecta.
