2486 3735
1252 405 1361 450 (8)

497 486 615 516 Hypnum
629 485 791 510 ruscil'olium.
807 485 881 510 Necte.
898 483 969 508 chtlz.
985 484 1075 510 Musa,
1091 489 1115 512 p.
1132 481 1186 505 181.
1202 480 1274 510 Enql.
1291 481 1346 504 Bet.
1360 497 1365 506 .
1384 484 1402 505 t.
1422 482 1493 506 1273.
1508 481 1589 505 Hook.
1606 486 1629 504 et
1647 481 1712 510 Tayl.
1729 481 1801 503 llusc.
1817 480 1892 509 Brit.‚
1907 487 1931 510 p.
1949 482 2008 510 177,
2025 483 2042 504 t.
2060 481 2100 505 26.
2119 482 2172 505 Hil-

465 532 518 555 lren.
535 532 612 555 Musc.
628 531 711 554 Germ.
723 550 728 560 ,
747 538 772 560 p.
789 530 848 554 626.

497 577 590 601 Exslc.
606 576 716 603 Hohson,
731 576 794 599 Brit.
807 576 896 603 ἱίΙοεῑ-ς,1
910 582 933 599 v.
951 577 977 604 1,
990 582 1015 599 n.
1032 574 1071 598 84.
1083 572 1244 601 Drummond,
1257 573 1332 596 Musc.
1344 573 1414 596 Scol.
1426 591 1432 601 ,
1446 578 1470 597 v.
1484 574 1496 596 1
1507 589 1512 599 ,
1529 578 1555 595 n.
1569 573 1610 595 92.

496 621 614 652 Hypnurn
626 621 780 651 riparioides.
800 620 883 644 Heilw.
898 621 973 644 Musc.
990 619 1079 642 Froml.
1093 624 1133 645 lv,
1150 624 1173 647 p.
1194 617 1238 646 10,
1252 620 1271 640 t.
1288 619 1312 641 4.

497 667 589 691 Exsm.
602 666 693 695 Fzmck,
708 665 845 689 Moestasch
857 683 862 692 ,
876 668 894 689 t.
912 666 954 689 58.
968 666 1052 695 Mouq.
1065 668 1087 687 et
1098 663 1173 686 Nestl.
1184 680 1192 690 ,
1208 669 1233 686 n.
1247 664 1306 686 42¹7.

497 711 615 741 Hypnum
627 711 761 741 prolixum.
774 710 854 734 Dicks.
868 712 941 733 Fasc.
958 716 975 733 ιι
985 729 991 739 ,
1006 710 1044 733 Pl.
1058 713 1152 740 crgspt.,
1166 715 1190 738 p.
1206 709 1246 731 13.
1262 707 1323 732 Dill.
1339 707 1402 731 flist.
1415 708 1492 731 Musc.
1502 725 1509 735 ‚
1523 710 1540 730 1.
1554 707 1602 735 85,
1620 706 1637 729 s.
1653 706 1686 729 20
1697 704 1765 737 ,fide
1780 706 1892 728 Briclelii.

496 757 614 786 Hypnum
626 756 780 780 atlanticum.
801 755 912 786 Dessont.
930 755 968 778 ΓΙ.
987 755 1031 778 (ιιι.
1052 755 1118 778 Brid.
1134 754 1206 777 Meth.
1218 770 1224 780 ‚
1243 759 1268 783 p.
1282 754 1339 777 174.

502 800 574 829 ΗΑΒ.
592 800 625 828 In
639 801 724 839 aquis
736 799 849 828 radices
863 798 1005 827 arborum
1019 798 1203 827 alluentibus
1220 797 1283 826 haec
1296 798 1407 836 species
1425 798 1527 826 fructu
1541 806 1643 825 carens
1658 795 1721 824 solo
1734 794 1843 824 habitu
1866 801 1896 823 et
1911 794 2011 823 forma
2030 794 2173 823 foliorum

466 851 649 890 agnoscenda
663 852 693 879 in
708 850 814 879 insulis
831 850 1062 880 Canariensibus
1076 850 1151 878 lecta
1164 849 1234 877 suit.

503 902 628 931 stnun.
644 911 726 931 onoc..
741 901 839 940 Stirps
851 903 1042 940 summopere
1055 899 1265 940 polymorpha,
1278 911 1346 930 vera
1356 908 1470 940 protea,
1487 901 1517 929 in
1534 901 1593 929 tota
1607 899 1668 928 fere
1684 898 1803 936 Europa
1816 896 1999 927 inhabitans.
2017 898 2060 926 Ex
2073 905 2175 926 monte

465 955 545 983 Sinai
558 954 634 982 Asiae
646 954 810 991 reportavit
820 953 856 982 cl.
873 953 952 983 Bove
963 976 971 990 ‚
987 963 1022 982 ex
1039 953 1136 981 Africa
1147 951 1354 981 Desfontaines
1367 975 1375 989 ‚
1389 953 1405 981 ὲ
1418 951 1577 990 Patagonifi
1590 950 1699 979 habuit
1710 948 1822 977 Dillen.

496 1006 557 1031 OBs.
572 1006 618 1030 Les
629 1005 790 1029 echantillons
804 1005 835 1029 de
845 1008 910 1030 cette
922 1005 1034 1033 Mousse,
1047 1005 1169 1029 recueillis
1185 1010 1234 1028 aux
1245 1004 1362 1029 Canaries
1373 1007 1398 1029 et
1414 1004 1506 1028 soumis
1526 1002 1538 1028 a
1553 1009 1610 1027 mon
1630 1008 1734 1026 examen
1744 1021 1751 1032 ,
1771 1004 1826 1025 sont
1842 1001 1924 1031 prives
1937 1002 1966 1026 de
1981 1005 2051 1026 toute
2070 1001 2176 1026 fructifi-

463 1053 553 1076 cation.
573 1052 608 1076 Le
620 1055 677 1082 port
687 1055 711 1075 et
721 1052 744 1075 la
755 1052 834 1075 forme
846 1052 888 1075 des
904 1051 1013 1078 feuilles,
1027 1054 1051 1074 et
1067 1053 1166 1074 surtout
1185 1049 1310 1079 l'habitat‚
1333 1051 1445 1075 suffisent
1461 1052 1580 1080 pourtant
1595 1055 1657 1079 pour
1670 1049 1706 1072 les
1726 1050 1856 1078 rapporter
1870 1045 1884 1071 a
1907 1048 1930 1071 la
1950 1048 2021 1077 prese
2034 1050 2065 1072 le
2079 1046 2174 1077 espece.

463 1098 498 1121 La
514 1097 607 1121 variete
619 1097 690 1127 qu'ils
703 1097 875 1127 representem
890 1103 904 1120 a
921 1097 943 1120 la
958 1096 1057 1126 plupart
1068 1096 1111 1119 des
1124 1093 1262 1119 caracteres
1277 1096 1397 1120 attribues
1412 1102 1455 1126 par
1471 1094 1554 1119 Bridel
1566 1093 1579 1118 ξι
1594 1100 1637 1117 son
1651 1092 1884 1124 Hypnumfontimn
1897 1099 1944 1122 que
1955 1093 1981 1122 ,ᾖε
2003 1092 2052 1116 n'ai
2069 1100 2102 1123 pu
2122 1092 2176 1117 voir

464 1143 524 1166 dans
535 1142 649 1166 l'herbier
660 1142 690 1166 de
708 1142 743 1166 M.
758 1142 822 1171 Bory
838 1141 868 1165 de
885 1141 1045 1165 St-vincent.
1066 1140 1135 1164 Tous
1151 1140 1185 1163 les
1205 1142 1304 1164 auteurs
1321 1140 1475 1164 s'accordent
1490 1138 1504 1163 a
1524 1138 1666 1163 consideret
1684 1141 1748 1161 cette
1766 1136 1881 1161 derniere
1899 1137 1999 1161 llloussc
2014 1144 2111 1162 comme
2128 1145 2177 1161 unt¹

464 1188 550 1218 simple
567 1188 644 1211 forme
656 1187 685 1210 de
701 1187 749 1210 l'H.
768 1187 912 1218 ruscifhrme
923 1205 929 1215 ,
949 1188 974 1210 et
989 1185 1009 1209 si
1022 1185 1070 1215 j'en
1085 1186 1166 1209 donne
1185 1185 1238 1215 plus
1251 1185 1292 1209 bas
1313 1186 1336 1210 la
1357 1186 1444 1216 phrase
1456 1184 1628 1215 diagnostique
1642 1203 1649 1215 ‚
1662 1189 1689 1207 ce
1710 1182 1774 1206 n'est
1793 1189 1842 1212 que
1857 1189 1919 1212 pour
1936 1183 2055 1207 memoire
2072 1186 2095 1207 cl
2114 1191 2177 1214 pour

467 1239 572 1262 engager
585 1231 599 1256 ἐι
611 1232 634 1255 la
646 1231 764 1256 chercher
777 1231 807 1255 de
820 1237 932 1255 nouveau
943 1233 967 1254 et
978 1229 992 1254 ἐι
1005 1230 1149 1254 l'examiner
1162 1235 1221 1253 avec
1237 1230 1299 1254 soin.

1005 1330 1023 1362 †
1046 1323 1242 1353 HYPNUM
1266 1323 1500 1353 FONTIUM.
1530 1323 1625 1351 Βιιιι).

504 1402 540 1431 H.
555 1401 640 1431 caule
656 1401 812 1438 fluitante,
828 1401 918 1430 ramis
931 1401 1013 1440 vagis
1031 1399 1228 1439 inaequalibus
1241 1398 1457 1438 planiusculius
1468 1422 1475 1436 ‚
1493 1399 1572 1428 soliis
1589 1399 1655 1428 laxe
1674 1398 1797 1427 alternis
1812 1398 1948 1427 distichis
1967 1399 2062 1427 oratis
2079 1400 2175 1427 acutis

467 1453 620 1484 serrulatis
635 1453 881 1482 evanidinerviis.

499 1507 617 1537 Hypnum
629 1506 746 1530 sontium.
766 1505 832 1529 Brid.
850 1505 925 1529 Mam.
939 1506 1019 1529 Musc.
1030 1521 1036 1532 ,
1053 1512 1077 1535 p.
1094 1506 1149 1529 158.
1166 1505 1250 1536 Bryol.
1262 1505 1328 1528 univ.
1341 1522 1347 1533 ,
1362 1512 1387 1535 p.
1407 1505 1464 1528 417.

505 1551 578 1580 ΗΑΒ.
593 1550 629 1579 In
640 1550 776 1579 sontibus
791 1549 897 1578 insulae
912 1549 1068 1578 Teneriffae
1080 1551 1097 1577 a
1108 1548 1161 1577 cel.
1177 1548 1254 1588 Bory
1265 1548 1301 1578 de
1313 1548 1547 1578 saint-vincent
1561 1547 1662 1577 sterile
1676 1547 1801 1577 lectum.

506 1602 631 1633 D1srnn3.
648 1612 730 1632 GEOG.
745 1601 879 1640 Species,
896 1601 970 1630 dum
981 1601 1108 1640 genuina
1120 1601 1157 1629 sit
1168 1622 1175 1637 ‚
1188 1601 1268 1629 mere
1280 1599 1479 1629 Canariensis.

990 1699 1188 1729 HYPNUM
1210 1698 1516 1730 CONFERTUM.
1542 1699 1662 1728 Dicas.

507 1780 546 1810 H.
558 1779 642 1809 caule
651 1785 775 1818 repente
785 1787 915 1815 ramoso,
924 1777 1004 1806 foliis
1014 1776 1152 1806 confertis
1163 1775 1357 1805 subdistichis
1366 1782 1455 1805 ovato
1462 1776 1649 1804 -acuminatis
1662 1776 1797 1805 concavis
1808 1775 1961 1804 serrulatis
1972 1775 2179 1812 uhranerviis,

469 1831 639 1871 pedunculo
654 1831 723 1860 laevi
735 1854 742 1868 ,
760 1829 880 1869 capsula
894 1830 981 1859 ovata
992 1852 1000 1866 ,
1012 1829 1119 1858 cernua
1130 1851 1137 1865 ‚
1153 1827 1292 1867 operculo
1304 1829 1320 1857 ὸ
1331 1829 1433 1857 conico
1447 1827 1769 1857 rostellato-subulato.

502 1885 623 1916 Hypnum
635 1884 785 1909 consertum.
801 1882 884 1906 Dicks.
900 1882 937 1906 Pl.
956 1887 1035 1914 crypt.
1049 1883 1118 1906 Fuso.
1130 1898 1136 1909 ‚
1150 1888 1185 1910 ιν,
1197 1889 1222 1912 p.
1237 1883 1276 1911 1“11
1290 1883 1308 1905 l.
1326 1883 1353 1905 11
1369 1899 1376 1911 ,
1398 1881 1416 1905 s.
1433 1882 1471 1904 14.
1486 1880 1566 1904 Smitlz
1578 1881 1615 1904 Fl.
1633 1881 1695 1904 Brit.
1712 1887 1756 1908 ιιι,
1774 1888 1799 1911 p.
1817 1882 1897 1909 1301,
1919 1881 1985 1905 Brid.
2011 1881 2092 1913 Bryol.
2116 1880 2181 1904 univ.

471 1938 509 1960 11,
527 1938 551 1961 p.
572 1932 630 1955 405.

508 1976 581 2006 Van.
597 1974 852 2004 IVIEGAPOLITANUM
864 1995 871 2009 ‚
888 1971 970 2001 caule
983 1971 1122 2010 depresso
1136 1972 1219 2001 varie
1231 1970 1326 2000 diviso
1337 1993 1345 2007 ‚
1358 1969 1484 1999 ramulis
1499 1970 1696 2009 complanatis
1707 1993 1715 2007 ,
1727 1970 1807 1999 foliis
1821 1970 1886 1999 laxe
1897 1970 2064 1999 imbricatis
2075 1977 2185 1999 erecto-

470 2027 581 2067 patulis
596 2025 830 2056 cordato-ovatis
844 2024 1023 2052 acuminatis
1035 2022 1224 2052 ultranerviis
1235 2021 1496 2059 subdenticulatis‚
1511 2021 1684 2060 pedunculo
1699 2021 1766 2051 laevi
1777 2045 1785 2060 ‚
1801 2022 1921 2061 capsula
1933 2022 2164 2061 ovato-oblonga
2176 2044 2183 2058 ,

473 2080 593 2110 arcuata
604 2101 612 2116 ‚
629 2078 737 2108 cernua
748 2099 755 2113 ‚
773 2075 916 2114 operculo
928 2075 1116 2113 lougirostro.
2120 2104 2123 2106 -

505 2132 625 2163 Hypnum
636 2129 857 2160 megapolitanum.
870 2127 959 2151 Blaml.
977 2127 1043 2151 Web.
1059 2132 1083 2151 et
1094 2128 1171 2151 Molzr.
1188 2128 1244 2151 Βοι.
1267 2127 1405 2155 Ταεεήεηίι.,
1418 2134 1442 2158 p.
1457 2127 1515 2151 326.
1528 2127 1658 2156 Schwoeqr.
1674 2127 1760 2158 Suppl.
1777 2131 1797 2158 t,
1813 2128 1840 2153 P.
1855 2135 1886 2157 n,
1902 2135 1927 2159 p.
1942 2129 2000 2152 241.
2018 2127 2084 2150 Brid.
2101 2127 2183 2158 Bryol.

473 2178 539 2202 univ.
556 2183 588 2205 11,
605 2183 631 2207 p.
646 2177 704 2199 491.
726 2175 794 2203 Duby
812 2175 868 2197 Boe.
884 2173 949 2197 Gall.
962 2191 968 2201 ,
982 2180 1006 2203 p.
1021 2175 1094 2197 1037.
1113 2175 1147 2196 De
1159 2173 1227 2197 Ntrs.
1243 2173 1318 2196 Illam.
1332 2173 1406 2197 Musa.
1421 2192 1427 2202 ,
1446 2179 1471 2203 p.
1488 2173 1536 2203 14,
1553 2179 1579 2196 n.
1592 2173 1632 2196 22.

506 2223 626 2254 Hypnum
641 2221 781 2246 confertum
794 2226 819 2244 v.
839 2220 929 2249 majus.
949 2220 989 2243 Br.
1008 2224 1031 2242 et
1046 2219 1152 2250 Sclzimp.
1170 2220 1194 2242 in
1207 2220 1256 2244 litt.
1270 2223 1293 2243 et
1306 2220 1329 2243 in
1342 2219 1429 2244 scheri.

504 2269 597 2294 Exsic.
617 2267 698 2291 Funck
715 2265 867 2296 ntoostach„
884 2268 902 2288 t.
920 2266 961 2288 43.
984 2265 1072 2288 Blami.
1090 2266 1159 2289 Fasc.
1174 2272 1213 2289 ιιι.

506 2315 624 2345 Hypnum
641 2313 801 2337 serrulatum.
821 2311 907 2334 Hedw.
926 2310 995 2341 Spec.
1018 2310 1094 2335 Μιιεε.
1113 2317 1146 2340 ιι,
1163 2318 1187 2341 p.
1202 2311 1263 2340 258,
1280 2313 1299 2334 t.
1322 2312 1367 2341 60,
1388 2311 1405 2334 f.
1426 2312 1482 2341 1-43
1504 2312 1519 2334 ᾶ
1538 2310 1720 2342 Mizlzlenberqio
1739 2311 1763 2334 in
1777 2310 1932 2334 Pensilvania
1955 2309 2081 2332 detectum
2104 2315 2134 2332 ea:
2155 2309 2184 2331 rl.

476 2359 580 2383 Hoolceri
597 2359 715 2382 sententia
734 2364 779 2380 non
801 2357 937 2380 diversum.

513 2403 586 2432 ΗΔΒ.
603 2402 650 2431 Ad
663 2401 807 2430 arborum
819 2406 942 2429 truncos
954 2400 985 2428 in
997 2399 1101 2428 insulis
1112 2400 1285 2429 Fortunatis
1299 2400 1384 2438 parce
1396 2399 1446 2428 sed
1460 2399 1654 2429 fructiferum
1669 2399 1795 2428 lectum.

514 2455 641 2484 Disnun.
654 2463 739 2482 θεοῦ.
755 2451 881 2480 Limites
895 2449 1096 2489 geographicae
1113 2450 1238 2490 hujusce
1257 2451 1406 2481 varietatis
1424 2450 1562 2479 nondt'un
1573 2452 1675 2480 stricte
1692 2450 1910 2479 determinatae.
1929 2449 2055 2486 Europae
2070 2454 2189 2476 austra-

476 2507 559 2537 lioris
573 2505 712 2544 inprimis
725 2502 823 2532 incola
833 2525 841 2539 ‚
858 2512 955 2541 usque
969 2503 1001 2530 iu
1016 2501 1168 2531 Lusatiam
1179 2509 1209 2532 et
1222 2512 1327 2542 agrum
1341 2501 1601 2540 Megapolitanuin
1615 2512 1668 2530 nec
1680 2523 1687 2538 ‚
1707 2500 1791 2540 quod
1804 2501 1896 2529 sciam
1909 2522 1916 2536 ‚
1936 2499 2016 2528 ultra
2032 2509 2136 2528 versus
2150 2499 2188 2528 ad

477 2557 711 2598 septentrionem
721 2560 876 2593 repertum
890 2553 960 2582 fuit.
977 2552 1146 2591 specimina
1161 2553 1336 2583 ausu-ahora
1349 2563 1417 2592 quae
1438 2554 1663 2582 communicata
1675 2552 1773 2581 habeo
1787 2562 1822 2581 ex
1840 2551 1927 2580 Italia
1938 2552 1994 2589 (De
2008 2552 2137 2587 Noram)
2149 2573 2155 2587 ,
2173 2552 2188 2579 ὲ

479 2609 616 2640 Sardinia
625 2607 747 2645 (Balbis,
763 2607 793 2635 H
796 2606 949 2641 oclzsletter)
960 2627 968 2641 ‚
982 2614 1017 2633 ex
1027 2604 1140 2644 Algerict
1154 2606 1314 2643 (Monnard)
1326 2605 1363 2634 ab
1374 2606 1435 2634 oris
1448 2605 1638 2643 Hellesponti
1651 2605 1817 2641 (casareuo)
1831 2604 2025 2642 proveniunt.

512 2662 573 2687 OBS.
594 2659 773 2686 L'echantillon
789 2659 882 2688 unique
897 2658 927 2681 de
941 2660 1005 2682 cette
1021 2657 1119 2682 Mousse
1131 2677 1136 2687 ,
1150 2666 1197 2689 que
1208 2659 1253 2690 j'ai
1267 2659 1353 2683 trouve
1367 2658 1447 2688 parmi
1463 2658 1497 2682 les
1515 2659 1611 2688 plantes
1629 2657 1765 2682 recueillies
1780 2663 1828 2680 aux
1844 2655 1977 2683 Canaries,
1996 2656 2044 2680 m'a
2057 2656 2113 2680 susti
2128 2662 2190 2685 pour

481 2710 503 2733 la
515 2706 671 2732 reconnaltre
688 2704 876 2735 parsaitement.
892 2703 922 2728 Je
936 2703 1000 2727 crois
1018 2709 1066 2733 que
1084 2703 1117 2728 les
1131 2705 1292 2735 bryologistes
1308 2703 1352 2734 qui
1364 2706 1408 2727 ont
1421 2703 1493 2727 renni
1509 2704 1544 2727 les
1559 2703 1673 2733 Hypnum
1685 2703 1825 2734 consertum
1838 2705 1863 2726 et
1877 2702 2088 2733 Megyapolitanum
2104 2704 2147 2724 ont
2160 2707 2191 2724 eu

479 2752 655 2784 parfaitement
667 2749 763 2778 raison;
780 2755 831 2779 car,
849 2747 982 2778 quoiqu'on
1003 2749 1085 2779 puisse
1105 2750 1137 2774 les
1151 2750 1289 2781 distinguer
1301 2756 1368 2774 assez
1384 2748 1440 2773 bien
1456 2746 1469 2772 Ξι
1484 2748 1508 2772 la
1527 2755 1573 2772 vue
1585 2747 1672 2778 simple
1685 2765 1690 2775 ,
1709 2748 1726 2771 il
1740 2748 1817 2772 existe
1833 2754 1881 2771 une
1894 2747 1957 2771 route
1971 2747 2001 2771 de
2018 2752 2131 2777 passages
2148 2746 2191 2775 qui

481 2797 624 2822 etablissent
638 2799 709 2821 entre
722 2801 770 2819 eux
782 2800 832 2818 une
846 2796 912 2818 sorte
927 2794 958 2818 de
979 2794 1110 2818 transition
1124 2795 1268 2820 insensible-
1288 2795 1323 2819 Le
1339 2794 1439 2818 dernier
1453 2793 1548 2817 semble
1565 2800 1614 2817 une
1629 2793 1709 2818 forme
1721 2800 1812 2824 propre
1832 2800 1879 2817 aux
1892 2792 1991 2822 regions
2009 2791 2148 2822 temperees
2167 2791 2191 2813 et

481 2843 614 2872 australes,
628 2841 760 2872 puisqu’on
772 2840 795 2865 le
807 2842 921 2864 retrouve
932 2839 1048 2870 jusqu'au
1061 2839 1134 2865 Chili.
1151 2841 1197 2865 Les
1214 2839 1374 2866 euhantillons
1389 2839 1420 2864 de
1436 2839 1503 2864 Juan
1519 2839 1678 2869 Fernandez‚
1695 2846 1744 2870 que
1765 2839 1809 2870 j'ai
1828 2839 1958 2870 rapportes
1976 2838 2012 2869 (l)
2028 2835 2041 2860 a
2056 2836 2189 2866 l'Hypnum

517 2965 554 2996 (1)
570 2964 706 2995 Μοιιιαφιε,
723 2963 810 2988 Prodr.
826 2962 865 2987 Η.
880 2962 944 2986 -Ῑιιανι
955 2962 1076 2986 Fer-nand.
1093 2960 1118 2985 in
1130 2963 1191 2986 Arm.
1208 2962 1246 2986 Sc.
1263 2965 1314 2986 nat.
1327 2961 1354 2984 ‘2‘
1367 2968 1412 2985 ser.
1431 2960 1527 2989 notan„
1543 2965 1601 2984 tom.
1616 2962 1643 2989 4,
1659 2967 1684 2990 p.
1697 2962 1737 2985 98.
