2486 3735
340 471 836 574 PLANTAE
898 465 1685 555 CELLULARES.
1749 467 1922 555 DC.

902 639 954 641 -—->
962 629 1383 646 ζ-ζ-ῆῧθῦῡρ-Ῑνᾉ

606 748 836 806 Classis
883 751 929 804 Ι.
980 748 1393 803 MUSCINAE.
1445 746 1678 801 Blsou.

726 885 922 925 Familia
954 882 990 924 Ι.
1028 879 1240 924 MUSCI.
1279 881 1406 924 Dm.
1450 881 1554 922 Lm.

871 997 968 1033 Trib.
997 1000 1024 1032 Ι.
1053 999 1288 1032 IIYPNEAE.
1317 999 1418 1032 ARN.

1047 1112 1245 1125 --4ωψἶ

972 1204 1193 1237 HYPNUM.
1228 1205 1324 1237 [ΛΝ.Δ

342 1305 585 1338 ΡΕΜΞΤΟΜΙΗΜ
614 1301 761 1348 duplex.
790 1303 972 1335 ExTEmus
1004 1298 1132 1334 dentes
1157 1298 1311 1334 sedecim
1341 1296 1528 1332 lanceolati
1553 1297 1648 1333 acuti
1673 1298 1876 1342 ressexiles,
1907 1299 2001 1346 saep'e

292 1361 599 1409 longitudinaliter
611 1361 711 1396 sulco
727 1360 847 1396 medio
860 1358 1010 1395 exarati.
1031 1361 1198 1395 INTEmus
1209 1358 1415 1394 membrana
1427 1357 1737 1394 carinam-sulcata
1748 1358 1899 1394 delicata
1914 1359 2003 1394 reti-

294 1422 409 1457 culata
423 1422 459 1457 in
480 1421 561 1457 cilia
578 1421 735 1457 sedecim
751 1420 864 1457 solida
879 1420 1098 1468 (Stere0d0n‚
1116 1419 1232 1467 Brun.)
1252 1419 1306 1455 vel
1323 1418 1503 1465 perforata
1522 1418 1719 1466 (Hypnum,
1740 1417 1859 1465 Brun.)
1877 1418 2004 1454 ciliolis

295 1482 493 1529 interjectis
506 1509 515 1525 ,
531 1481 655 1517 divisa.
675 1484 856 1517 CALYPTRA
869 1479 1053 1516 dimidiata
1077 1491 1106 1515 s.
1133 1478 1404 1521 cuculliformis‚
1424 1478 1559 1525 glabra.
1585 1481 1738 1514 CAPSULA
1757 1478 1913 1515 lateralis
1929 1478 2004 1515 basi

296 1542 444 1588 aequalis
463 1541 696 1589 (Isolleecz'fzcirz,
718 1539 838 1588 Bam.)
855 1546 916 1575 aut
934 1538 1119 1586 inaequalis
1132 1566 1141 1583 ‚
1161 1538 1305 1586 gibbosa
1318 1565 1327 1582 ,
1350 1543 1503 1574 stomate
1523 1538 1688 1586 obliquo,
1708 1550 1791 1574 curn
1812 1546 1848 1574 et
1871 1539 2004 1587 absque

296 1602 442 1637 annulo.
459 1604 674 1637 OPERCULUM
689 1600 885 1647 numquam
904 1600 1048 1646 planum
1061 1626 1070 1642 ‚
1091 1599 1259 1634 caeterum
1274 1597 1499 1634 convexitate
1514 1598 1713 1634 directione
1726 1604 1764 1635 et
1774 1605 1893 1635 rostro
1906 1599 2007 1635 valde

297 1661 492 1697 diversum.
522 1664 653 1696 SEMINA
677 1661 778 1697 laevia
809 1660 828 1695 c
852 1658 1195 1695 viridi-lutescentia.
1227 1662 1315 1695 FLos
1339 1657 1529 1694 monoicus
1553 1658 1755 1702 dioieusve,
1781 1671 2009 1707 gemmaceus

297 1720 465 1756 lateralis.
496 1723 684 1757 MAscums
702 1732 747 1756 ex
769 1719 929 1755 antheris
951 1719 1195 1767 (Anllaeeridiis,
1226 1718 1363 1766 Blscn.)
1382 1730 1536 1754 numero
1559 1719 1667 1754 variis
1693 1726 1730 1755 et
1752 1719 2009 1767 paraphysibus

298 1780 495 1817 articulatis
515 1780 670 1828 copiosis
686 1792 748 1816 eas
766 1779 976 1827 stipantibus
994 1786 1174 1815 constans.
1194 1782 1374 1815 quNEus
1392 1779 1411 1815 e
1430 1778 1570 1826 pistillis
1593 1779 1852 1826 (Archeyoniz's‚
1872 1780 2010 1826 Blscn.)

299 1847 452 1888 quatuor
464 1840 508 1876 ad
521 1840 645 1888 viginti
654 1867 664 1884 ⁷
680 1840 790 1876 unico
803 1839 954 1875 fecundo
967 1866 977 1883 ,
990 1839 1223 1886 compositus.

347 1901 458 1937 Musei
476 1912 655 1948 perennes
670 1912 737 1948 per
749 1905 867 1936 totum
882 1906 1063 1936 terrarum
1082 1899 1207 1934 orbem
1220 1898 1342 1946 epigaei
1357 1924 1366 1942 ,
1382 1898 1592 1934 truncicolae
1602 1925 1611 1942 ‚
1629 1899 1746 1935 rarius
1761 1899 1927 1946 aquatici.

807 2010 1007 2040 HYPNUM
1029 2009 1325 2039 TENERIFFAE.
1348 2009 1506 2038 Momm.

343 2087 380 2116 H.
399 2088 573 2116 intricatum
587 2109 593 2123 ,
610 2086 695 2115 caule
708 2094 830 2125 repente
840 2087 975 2116 filiformi
987 2098 1116 2123 ramoso,
1127 2087 1217 2115 ramis
1226 2087 1306 2125 vagis
1320 2085 1473 2115 interdum
1485 2084 1725 2114 subfasciculatis
1734 2107 1742 2121 ,
1754 2084 1833 2114 foliis
1844 2084 2016 2114 lanceolatis

305 2149 398 2168 nervo
412 2149 509 2168 crasso
524 2140 669 2167 continuo
683 2140 831 2177 percursis
841 2162 848 2175 ,
863 2138 928 2167 laxe
942 2138 1125 2174 imbricatis,
1142 2137 1354 2175 integerrimis,
1369 2136 1621 2175 perichaetialibus
1632 2137 1919 2165 ovato-acuminatis
1932 2147 2017 2165 ener-

305 2190 395 2219 vibus
409 2191 490 2228 apice
502 2190 635 2219 dentatis
647 2213 653 2227 ,
671 2190 843 2229 pedunculo
855 2190 1057 2219 scabriusculo
1067 2213 1074 2226 ,
1087 2189 1209 2228 capsula*
1224 2188 1368 2218 inclinatae
1381 2188 1537 2217 urceolatae
1549 2187 1690 2226 operculo
1701 2188 1969 2218 conico-subulato.

346 2242 418 2271 ΗΑΒ.
436 2244 485 2279 (1).
505 2241 551 2270 Ad
565 2248 676 2271 terram
688 2243 719 2270 in
734 2241 895 2270 stillicidiis
908 2241 996 2280 sylvae
1010 2243 1040 2269 A
1043 2252 1102 2280 gua
1118 2241 1220 2269 Garcz'a
1231 2239 1333 2268 insulae
1345 2239 1500 2268 Teneriffae
1515 2239 1639 2269 lectum.

346 2293 472 2322 Disrmn.
490 2303 574 2321 οεοῦ.
593 2292 690 2331 Stirps
701 2292 896 2322 Canariensis.

341 2347 424 2373 Dese.
440 2347 556 2372 CAULEs
569 2345 717 2377 filirormes,
732 2345 883 2379 pollicams,
896 2344 998 2371 crinem
1009 2344 1136 2377 equinum
1148 2342 1263 2369 crassitie
1274 2342 1315 2369 vix
1324 2345 1490 2378 superflum,
1506 2350 1555 2377 per
1570 2346 1669 2369 terram
1680 2346 1816 2377 repentes,
1828 2342 1899 2369 inter
1909 2351 1937 2370 se
1949 2351 2017 2370 sum·

306 2395 414 2428 mopere
427 2392 535 2427 implexi
548 2397 574 2419 et
587 2393 714 2419 extricatu
729 2392 880 2419 difficillimi
893 2412 899 2425 ,
914 2393 978 2426 vage
992 2390 1245 2418 subfasciculatimve
1259 2389 1368 2423 ramosi,
1382 2389 1491 2416 inferne
1510 2389 1642 2422 subnudi,
1660 2389 1772 2416 enervis
1786 2388 1913 2415 foliorum
1926 2397 2020 2424 super-

306 2440 413 2466 stitibus
427 2440 568 2474 spinulosi.
582 2440 665 2466 ΒΑΜΙ
679 2440 779 2474 absque
791 2439 886 2466 ordine
904 2439 1005 2474 sparsi,
1024 2439 1121 2465 iterum
1137 2438 1182 2464 sed
1197 2438 1273 2472 parce
1288 2436 1400 2469 ramosi,
1417 2436 1534 2470 supremi
1553 2435 1749 2462 decrescentes.
1764 2436 1858 2462 FOL1A
1873 2436 1932 2462 laxe
1951 2436 2019 2463 circa

307 2486 407 2514 caulem
422 2487 551 2521 disposita
562 2508 568 2520 ‚
585 2487 810 2521 erecto-patentia
821 2508 828 2520 ‚
844 2487 990 2513 lanceolata
1002 2507 1008 2519 ,
1021 2490 1097 2513 acuta
1106 2506 1113 2518 ‚
1128 2484 1312 2518 integerrima,
1326 2491 1407 2510 nervo
1420 2491 1509 2510 crasso
1521 2483 1651 2509 continuo
1666 2490 1793 2517 percursa
1805 2503 1812 2515 ‚
1823 2483 1930 2517 =juniora
1943 2483 2018 2513 laete‚

309 2541 410 2560 annosa
423 2533 614 2568 nigro-viridia
625 2554 632 2567 ,
648 2534 737 2560 omnia
752 2542 844 2569 opaca.
869 2534 959 2561 Rnrrs
974 2533 1069 2560 arcolae
1090 2535 1142 2560 sert·
1160 2531 1333 2564 indistinctae,
1347 2530 1403 2557 basi
1421 2530 1478 2557 solii
1498 2533 1586 2557 tamen
1606 2529 1689 2564 magis
1706 2530 1857 2564 conspicuae
1870 2530 2018 2564 elongatae.

311 2580 413 2616 apicem
428 2582 520 2607 vei-stis
533 2589 594 2607 cum
606 2589 689 2608 nervo
703 2582 827 2608 confusae.
844 2582 1077 2609 Penicnfficrmrm
1091 2581 1208 2608 conserta
1221 2600 1227 2611 ,
1241 2578 1371 2605 exteriora
1384 2578 1504 2604 breviora
1514 2581 1589 2603 ovata
1598 2598 1604 2609 ‚
1618 2576 1748 2603 interiora
1761 2576 2001 2604 ovato-lanceolata
2013 2598 2020 2610 ,

310 2624 401 2654 omnia
414 2628 520 2654 enervia
531 2649 537 2661 ‚
551 2628 675 2662 vaginula
689 2628 826 2661 breviora,
841 2629 1005 2660 acuminata,
1021 2628 1142 2655 acumine
1153 2626 1316 2653 denticulato
1330 2616 1459 2652 suberoso
1472 2632 1599 2657 ηοω-νο,
1614 2624 1699 2651 serius
1712 2628 1839 2658 corrupta
1854 2623 2021 2651 deficientia-

309 2683 371 2709 que.
387 2675 562 2702 AREOLATIO
577 2675 640 2702 huic
654 2676 780 2702 [oliorum
791 2677 962 2703 caulinorum
975 2676 1106 2703 simillima
1117 2696 1123 2707 ,
1139 2678 1279 2701 structurae
1295 2673 1380 2699 tenuis
1392 2675 1469 2699 causa
1487 2673 1550 2699 vero
1562 2671 1645 2706 magis
1660 2670 1807 2698 manifesta.
1829 2671 2021 2698 PEDUNCULus

311 2723 339 2748 iu
352 2721 426 2749 caule
437 2721 566 2756 primario
578 2724 592 2749 e
604 2723 729 2758 vaginula
746 2723 931 2758 cylindroidea
947 2723 1061 2750 lateralis
1071 2744 1077 2756 ,
1092 2722 1239 2755 solitarius,
1252 2724 1356 2746 erectus
1367 2741 1373 2753 ‚
1385 2723 1453 2746 ss——S
1468 2719 1551 2746 lineas
1564 2719 1598 2745 ad
1609 2726 1740 2745 summum
1754 2718 1867 2744 metiens
1877 2739 1884 2751 ,
1896 2719 2022 2746 tubercu-

347 2870 382 2902 (1)
401 2872 450 2896 Ubi
466 2872 518 2896 loca
528 2872 621 2896 natalia
635 2873 703 2896 nullo
719 2872 858 2897 collectoris
874 2873 973 2896 nomine
988 2872 1085 2901 adjecto
1105 2869 1245 2899 designari,
1261 2867 1395 2898 specimina
1412 2869 1524 2898 legerunt
1539 2867 1670 2892 clarissimi
1682 2866 1874 2897 amicissimique
1885 2867 1934 2892 viri
1947 2868 2023 2893 Web-

313 2916 369 2940 bius
386 2919 410 2940 et
425 2916 608 2946 Bcrthelotius,
623 2916 678 2941 cum
695 2917 764 2942 binos
779 2925 822 2948 per
839 2924 915 2942 annos
926 2937 932 2946 ,
948 2918 978 2941 ab
996 2918 1057 2940 1828
1073 2916 1102 2939 ad
1120 2917 1194 2942 1830,
1211 2914 1300 2937 insulas
1317 2914 1466 2938 Fortunatas
1483 2914 1698 2944 perlustraverunt
1712 2915 1787 2943 atque
1801 2913 2023 2943 investigaverunt,

315 2961 439 2991 Deinceps
457 2968 620 2992 quoecumque
639 2962 664 2986 in
682 2962 768 2987 iisdem
790 2963 891 2992 insulis,
911 2962 1033 2993 imprimis
1049 2962 1074 2985 in
1091 2960 1196 2986 Canaria
1209 2978 1214 2987 ‚
1228 2960 1320 2983 invenit
1332 2960 1362 2984 cl.
1376 2960 1538 2991 Dcspreaux,
1555 2959 1599 2990 qui
1612 2959 1642 2983 ab
1657 2964 1722 2982 anno
1737 2959 1801 2982 1834
1813 2958 1844 2982 ad
1861 2959 1927 2983 hunc
1946 2965 2024 2989 usquc

316 3005 383 3030 diem
396 3006 430 3030 ibi
446 3011 613 3032 commoratus
628 3011 680 3038 est,
697 3014 800 3039 quaeque
815 3015 895 3039 nuper
910 3015 966 3032 cum
982 3008 1013 3031 cl.
1030 3006 1136 3032 chbio
1151 3004 1354 3036 communicavit,
1369 3005 1480 3030 seorsum
1496 3004 1675 3036 etsinguimim
1692 3004 1785 3029 notavi.
1889 3003 1918 3029 C.
1937 3004 1974 3028 M.
