2486 3735
1079 446 1219 489 (35)

294 526 303 558 (
316 523 473 561 Μοιιὲεοι),
490 523 520 550 in
538 520 665 559 Alpibus
680 519 826 548 Helvetiae
841 519 1065 558 Carinthiaeque
1075 543 1082 557 ‚
1099 522 1129 549 in
1145 523 1206 550 tota
1222 521 1310 551 Italia
1324 522 1450 560 ejusque
1464 520 1571 550 insulis
1586 519 1793 558 adjacentibus
1808 520 1862 556 (De
1872 521 2013 557 Nolam),

296 575 326 602 in
341 573 457 613 Algeria
468 572 622 609 (Rmcnel),
639 572 669 600 in
685 571 814 600 Asturiis
827 571 968 607 (Durien)
982 570 1067 599 lecta.

793 710 888 746 Trib.
915 713 986 746 Vll.
1018 713 1322 748 TORTULEAE.
1355 715 1484 748 HOOR.

955 821 1195 855 TORTULA.
1231 824 1362 858 110014.

344 920 587 954 PEMSToMluM
607 916 773 964 simplex.
796 918 925 951 Dentes
940 915 1098 951 sedecim
1115 916 1159 951 ad
1178 916 1321 963 triginta
1341 917 1413 953 duo
1432 917 1686 964 capilliformes
1705 917 1861 953 distincti
1875 918 1929 954 vel
1942 918 2015 954 basi

296 979 331 1013 in
351 977 561 1013 membrana
579 977 658 1025 plus
675 977 836 1012 minusve
855 975 961 1023 longa
983 975 1158 1011 tessellata
1183 984 1242 1012 aut
1259 977 1476 1014 intessellata
1501 978 1682 1021 contexti,
1714 978 1815 1025 apice
1837 978 2017 1026 spiraliter

296 1038 402 1074 simul
423 1038 592 1074 contorti.
609 1040 767 1074 CAPSULA
788 1036 1002 1084 subaequalis
1020 1047 1102 1071 cuin
1122 1043 1158 1071 et
1179 1037 1311 1085 absque
1329 1038 1476 1074 annulo.
1499 1041 1714 1075 OPERCULUM
1740 1039 1844 1086 long'e
1868 1039 2016 1075 conico-

296 1098 515 1135 subulatum.
547 1101 731 1134 CALYPTRA
763 1097 1033 1134 cucullisormis.
1065 1097 1147 1133 Flos
1173 1099 1371 1135 terminalis
1389 1099 1579 1135 monoicus
1603 1099 1798 1136 dioicusve.
1828 1103 2016 1137 MAseusz

297 1159 513 1196 disciformis
549 1159 817 1196 subterminalis
851 1158 906 1194 vel
938 1157 1199 1205 gemmisorinis
1228 1160 1382 1196 lateralis
1409 1173 1454 1196 ex
1491 1161 1651 1197 antheris
1673 1172 1737 1197 sex
1762 1161 1806 1197 ad
1829 1161 1952 1209 viginti
1982 1169 2016 1196 et

297 1220 390 1256 ultra
408 1219 736 1268 paraphysibusque
756 1218 983 1255 filisormibus
994 1219 1180 1266 aequaliter
1198 1221 1392 1257 articulatis
1408 1232 1469 1256 eas
1483 1221 1698 1268 stipantibus
1710 1227 1892 1257 constans.
1914 1224 2019 1257 qu-

297 1292 386 1317 Nssus
405 1281 604 1317 terminalis
622 1292 667 1316 ex
682 1279 824 1328 pistillis
847 1291 910 1316 sex
932 1280 975 1316 ad
995 1279 1197 1315 octodecim
1215 1293 1296 1316 cum
1317 1281 1577 1329 paraphysibus
1608 1282 1757 1317 masculi
1781 1283 2014 1329 compositus.

348 1341 458 1377 Musci
477 1353 677 1389 perennes,
708 1341 824 1377 rarius
841 1340 950 1376 annui
967 1367 976 1381 ,
998 1340 1041 1376 ad
1063 1347 1198 1376 terram
1217 1354 1301 1378 saxa
1319 1347 1380 1378 aut
1403 1341 1554 1378 arbores
1574 1342 1609 1377 in
1630 1349 1706 1378 toto
1729 1349 1912 1379 terrarum
1931 1342 2019 1378 orbe

298 1402 484 1450 caespitose
503 1408 720 1438 crescentes.

776 1511 996 1541 TORTULA
1027 1511 1319 1549 SQUARROSA.
1359 1512 1410 1541 DE
1434 1511 1540 1542 NTRS.

339 1602 375 1632 T.
392 1603 545 1640 caespitosa
555 1624 562 1637 ‚
576 1602 660 1630 caule
678 1601 816 1640 elongato
831 1608 942 1638 erecto,
958 1602 1204 1631 innovationibus
1219 1612 1346 1638 ramoso,
1364 1601 1445 1630 foliis
1459 1601 1524 1630 laxe
1544 1601 1712 1630 imbricatis
1726 1603 1992 1639 patenti-recurvis
2008 1605 2023 1631 ὲ

298 1653 362 1682 basi
376 1654 535 1692 vaginante
548 1654 687 1691 appressa
701 1653 761 1682 late
773 1654 861 1682 ovata
872 1653 1142 1683 lineari-subulatis
1150 1652 1353 1683 canaliculatis
1367 1652 1524 1682 undulatis
1539 1653 1693 1683 serrulatis
1705 1676 1712 1690 ,
1728 1664 1822 1683 nervo
1834 1661 2021 1690 excurrente,

299 1707 430 1735 siccitate
445 1706 754 1741 involuto-cirrhati53
777 1706 899 1745 capsula
918 1706 1150 1745 tereti-oblonga
1164 1705 1417 1742 erecto-curvata,
1429 1704 1572 1744 operculo
1587 1705 1852 1735 conice-subulam
1869 1705 2022 1744 capsulam

299 1758 461 1787 dimidiam
474 1758 666 1797 longitudine
679 1764 828 1797 aequante.

331 1811 455 1836 Tortula?
471 1818 614 1842 squarrosa.
627 1813 660 1835 De
671 1812 738 1835 Ntrs.
750 1812 857 1843 Specim.
873 1812 939 1835 Tort.
952 1813 1022 1841 Ital„
1037 1820 1061 1842 p.
1076 1815 1117 1838 41.
1133 1819 1157 1836 n.
1170 1813 1210 1836 20.
1225 1811 1310 1842 Ejusd.
1326 1811 1385 1840 Syll.
1405 1811 1482 1834 Musc.
1498 1811 1556 1834 Ital.
1570 1818 1594 1840 p.
1612 1812 1669 1834 180.

339 1856 409 1885 ΗΑΒ.
428 1856 559 1894 Hujusce
575 1856 733 1895 singularis
747 1864 777 1886 et
797 1858 923 1885 omnino
939 1857 1087 1886 distinctae
1110 1857 1215 1895 speciei
1237 1856 1404 1894 specimina
1418 1865 1490 1883 cum
1506 1854 1568 1883 illis
1586 1854 1625 1883 ab
1641 1855 1825 1884 amicissimo
1842 1855 1885 1883 De
1902 1854 2025 1884 Notaris

300 1909 427 1946 acceptis
451 1915 515 1937 tam
533 1910 729 1948 congruentia
757 1910 788 1937 in
807 1908 931 1938 Canariri
954 1909 1027 1948 legit
1041 1909 1078 1938 cl.
1096 1909 1286 1947 Desprcaux,
1309 1914 1343 1936 ut
1359 1917 1419 1936 non
1439 1907 1554 1945 possim
1570 1916 1618 1935 eas
1636 1906 1674 1935 ad
1690 1907 1821 1945 speciem
1847 1907 2022 1945 praedictam

301 1971 361 1989 non
376 1960 487 1989 referre
498 1983 505 1997 ,
518 1962 574 1990 etsi
590 1961 704 1990 sterilia
715 1961 826 1990 vidisse
838 1972 887 1991 me
901 1962 989 1991 fateri
1001 1961 1137 1990 debeam.

341 2012 465 2041 D1srn1n.
479 2023 564 2041 onoc.
586 2012 711 2041 Muscus
723 2013 882 2052 hucusque
896 2025 927 2042 ln
940 2013 1041 2042 Sicilia
1052 2014 1204 2051 (Balsamo)
1215 2035 1222 2049 ,
1236 2013 1266 2040 in
1278 2011 1633 2048 San-dinia(De1vota1·11‹),
1645 2018 1675 2040 et
1689 2012 1719 2040 in
1732 2011 1855 2040 Canarizi
1871 2013 2023 2041 inventus.

333 2065 391 2090 Ons.
410 2065 430 2089 ll
447 2068 484 2089 est
497 2072 564 2089 assez
582 2066 686 2089 curieux
698 2066 729 2089 de
741 2067 893 2096 rapprocher
907 2067 942 2090 les
955 2066 1014 2090 trois
1029 2066 1138 2090 localitcs
1154 2065 1185 2089 οὺ
1201 2068 1266 2089 cette
1281 2064 1381 2089 Mousse
1393 2071 1407 2088 a
1424 2065 1463 2089 ete
1480 2065 1578 2096 cueillie
1588 2064 1687 2095 jusqu'a
1700 2071 1727 2089 ce
1739 2066 1806 2095 jour.
1831 2065 1878 2089 Les
1906 2065 2027 2089 echantss*

302 2111 354 2134 lons
371 2111 402 2135 de
418 2110 491 2135 Sicile
505 2113 605 2141 portent
616 2111 682 2135 seuls
692 2111 734 2135 des
749 2111 872 2141 capsules.
890 2111 959 2136 Ceux
972 2111 1002 2135 de
1014 2114 1080 2135 cette
1097 2110 1194 2135 locante
1206 2117 1254 2140 que
1273 2110 1321 2134 m'a
1342 2110 1534 2140 communiques
1551 2110 1588 2135 M.
1608 2111 1638 2135 de
1653 2110 1755 2135 Notaris
1777 2117 1808 2135 ne
1824 2113 1880 2134 sont
1898 2117 1941 2140 pas
1960 2116 2027 2134 assez

302 2157 371 2179 muts
387 2162 451 2186 pour
468 2156 543 2186 qu'on
555 2156 638 2186 puisse
649 2157 749 2186 separer
761 2157 896 2187 l‘opercule
909 2160 933 2180 et
945 2157 1062 2181 observer
1074 2157 1097 2180 le
1112 2157 1246 2187 peristome
1256 2156 1300 2185 qui
1313 2155 1439 2180 d'aillcurs
1453 2156 1536 2186 paralt
1547 2156 1615 2180 avoir
1630 2155 1670 2180 ete
1684 2162 1717 2180 vu
1731 2162 1776 2186 par
1793 2156 1829 2180 M.
1848 2156 1970 2179 Balsamo.
1993 2156 2028 2179 Le

302 2205 359 2231 port
371 2201 473 2232 indique
490 2209 539 2226 une
551 2202 667 2226 Tortule.
689 2202 719 2226 Je
734 2205 843 2232 regi-cette
863 2203 894 2227 de
912 2203 1007 2226 n'avoir
1030 2209 1073 2232 pas
1089 2209 1119 2226 eu
1137 2202 1180 2226 des
1195 2201 1359 2231 exemplaires
1373 2208 1404 2225 en
1424 2201 1539 2226 meilleur
1556 2201 1608 2225 ctat
1625 2208 1688 2232 pour
1707 2201 1730 2224 la
1742 2201 1805 2225 faire
1823 2201 1925 2232 figuret.
1946 2201 2027 2233 Quoi-

302 2248 392 2277 qu'elle
403 2248 537 2272 ressemble
550 2254 582 2271 au
601 2248 699 2271 Tortula
717 2253 826 2271 tortuosa
838 2268 844 2278 ,
863 2249 880 2272 il
895 2250 933 2272 est
948 2249 978 2272 de
1001 2251 1069 2272 toute
1083 2248 1256 2278 impossibilite
1272 2247 1337 2271 dela
1349 2247 1484 2272 confondre
1504 2254 1563 2272 avec
1577 2250 1643 2271 cette
1654 2245 1749 2277 espece.
1771 2246 1807 2271 M.
1826 2246 1863 2271 De
1875 2248 1974 2270 Notaris
1986 2248 2030 2270 ob-

302 2299 373 2317 serve
388 2299 446 2317 avec
462 2294 544 2317 raison
561 2300 609 2323 que
621 2300 658 2317 ses
674 2294 737 2323 tiges
748 2294 858 2319 elancees
873 2297 898 2318 et
913 2301 952 2318 ses
967 2294 1064 2318 feuilles
1077 2293 1196 2317 tortillees
1208 2293 1242 2316 lui
1258 2292 1368 2317 donnent
1378 2292 1444 2316 aussi
1457 2292 1565 2323 quelque
1578 2292 1716 2316 similitude
1732 2298 1790 2316 avec
1812 2298 1853 2315 ma
1866 2292 2028 2322 Sqmbleplm-

303 2339 335 2362 ris
347 2338 522 2369 helicoplzyl1113
539 2338 601 2363 mais
613 2339 646 2363 les
660 2339 800 2364 caracteres
816 2340 973 2370 generiques‚
985 2342 1010 2364 et
1026 2347 1056 2364 en
1068 2340 1121 2364 leur
1138 2339 1252 2368 absence,
1267 2339 1288 2363 la
1301 2338 1380 2363 forme
1397 2339 1479 2363 meme
1491 2339 1522 2362 de
1536 2339 1557 2362 la
1569 2338 1670 2369 capsule
1683 2358 1689 2369 ‚
1703 2340 1759 2362 sont
1778 2336 1800 2362 la
1817 2344 1880 2368 pour
1898 2338 2029 2367 empechrr

303 2384 326 2407 la
340 2383 479 2407 confusion.

821 2467 1045 2496 TORTULA
1070 2467 1330 2498 REVOLUTA.
1356 2467 1506 2497 Scantin.

345 2556 380 2584 T.
399 2555 483 2584 caule
495 2561 593 2583 erecto
608 2554 783 2583 subramoso
793 2577 801 2591 ‚
816 2554 896 2583 soliis
908 2554 1079 2584 lanceolatis
1091 2556 1224 2594 margine
1238 2555 1382 2584 revolutis
1397 2554 1552 2584 tortilibus
1562 2577 1569 2589 ‚
1589 2554 1843 2593 perichaetialibus
1855 2555 2031 2584 convoluto-

307 2607 518 2646 vaginantibus
534 2606 812 2636 ovato<lanceolatis
826 2608 960 2636 nervosis
971 2630 978 2642 ‚
994 2607 1113 2646 capsula
1129 2607 1256 2646 oblonga
1270 2608 1492 2637 incurviuscula
1503 2630 1511 2644 ‚
1527 2607 1671 2646 operculo
1686 2606 1840 2636 subulato.

346 2659 416 2690 Var.
431 2662 454 2697 β.
469 2658 738 2688 Hornschuchiana
750 2682 758 2696 ,
770 2659 908 2689 caulibus
921 2660 1073 2690 sterilibus
1087 2660 1230 2698 elongatis
1239 2681 1247 2696 ,
1262 2658 1343 2688 soliis
1354 2660 1488 2699 margine
1502 2659 1541 2688 ad
1555 2660 1672 2698 apicem
1687 2657 1842 2687 revolutis.

340 2713 448 2736 Barbula
460 2712 692 2738 Hornschuchiana.
709 2712 816 2741 Schultz,
831 2713 888 2736 Rec.
903 2714 932 2736 de
942 2713 1062 2742 Barbula,
1077 2720 1101 2743 p.
1114 2714 1154 2742 25,
1175 2716 1194 2736 t.
1210 2714 1250 2741 23,
1266 2713 1284 2737 s.
1300 2714 1341 2737 25.
1356 2713 1390 2737 De
1404 2713 1469 2738 Ncrs.
1483 2712 1544 2743 Syll.
1557 2714 1636 2738 Musc.
1654 2712 1723 2739 Ital„
1737 2718 1761 2741 p.
1773 2712 1828 2736 179.

343 2758 432 2782 Exsic.
446 2759 529 2787 Mouq.
551 2762 574 2781 et
591 2757 681 2787 Nesci„
698 2764 722 2782 n.
735 2759 792 2782 820.
806 2759 878 2782 Breilr.
893 2759 986 2783 Mouss.
1001 2758 1097 2787 Νοι·ηι,,
1115 2765 1139 2782 n.
1160 2758 1214 2782 186.

341 2804 448 2827 Barbula
466 2803 577 2827 revoluta
594 2805 618 2842 β.
632 2802 863 2827 Hornschuchiana.
882 2804 948 2827 Brid.
963 2804 1048 2835 Bryol.
1062 2804 1138 2830 univ„
1156 2810 1172 2831 ι,
1187 2810 1211 2833 p.
1227 2804 1284 2827 ³372.

341 2848 448 2873 Torlula
465 2849 588 2872 revoluta.
602 2848 684 2871 Hook.
701 2853 725 2871 et
746 2848 812 2879 Tayl.
825 2849 902 2872 Musc.
921 2849 995 2875 Brit„
1014 2855 1039 2878 p.
1053 2849 1094 2875 54,
1109 2851 1128 2872 t.
1143 2849 1183 2872 12.
1198 2848 1275 2877 Duby,
1290 2848 1346 2872 Bot.
1360 2848 1436 2876 Gall.,
1456 2856 1479 2879 p.
1494 2850 1550 2873 564.

348 2893 421 2921 His.
440 2893 475 2921 ln
490 2892 616 2921 canaria
631 2891 704 2931 legit
720 2892 757 2921 cl.
775 2892 957 2931 Despreaux.

350 2945 474 2973 Disrmss.
493 2955 578 2974 ehoe.
597 2944 761 2983 Hucusque
781 2945 810 2973 in
832 2945 987 2974 Britannia
997 2968 1004 2982 ‚
1019 2945 1180 2974 Germanis
1191 2968 1198 2981 ‚
1214 2944 1300 2974 Italia
1314 2946 1408 2984 prope
1421 2945 1633 2974 Mediolanum
1645 2967 1652 2981 ‚
1669 2945 1814 2983 Hispania
1829 2945 1907 2974 circa
1921 2943 2037 2973 Madri-

310 3004 373 3025 tuni
398 3004 525 3035 reperta.
543 2996 579 3025 In
595 2997 747 3035 provincia
763 2998 841 3035 regni
858 2997 1020 3027 Peruviani
1038 2997 1235 3037 Vallegrande
1250 2996 1330 3025 dicta
1342 3018 1350 3031 ‚
1371 2998 1465 3036 prope
1481 2997 1678 3037 clucquisaca,
1697 2995 1861 3026 altitudine
1875 2997 1892 3024 a
1910 2997 1988 3025 1200
2003 2995 2040 3023 ml
