2486 3735
1094 402 1206 448 (7)

291 480 496 515 denticulatis,
511 477 824 517 perichaetialibusque
834 477 959 506 laevibus
971 476 1142 507 convolutis
1152 478 1335 517 longissimis
1346 475 1569 516 angustioribus
1579 498 1586 512 ‚
1599 476 1719 514 capsula
1730 475 1891 515 cylindrica
1904 479 2002 506 incur-

292 531 544 561 vato-subcernua
555 552 562 566 ,
575 528 715 568 operculo
725 530 975 558 convexo-comeo
989 529 1207 558 mucronulato.

324 585 426 609 Muscus
437 588 581 614 squamosus
593 588 705 606 ramosus
716 582 797 605 minoi·
812 584 836 605 et
847 581 953 612 crispus.
972 581 1044 604 Vaill.
1061 582 1120 604 Bot.
1140 582 1214 609 Pan,
1233 590 1257 613 p.
1279 584 1339 612 159,
1356 585 1375 606 t.
1388 582 1434 611 27,
1451 581 1468 605 1¹.
1485 582 1524 604 13.

324 630 441 660 Hypnum
454 628 564 657 crispum
578 626 770 656 cupressirorrne
785 626 849 650 soliis
861 626 973 650 aduncis.
985 626 1124 650 Νηρηίδι.
1138 627 1211 650 Musa.
1221 647 1227 657 ,
1243 635 1268 658 p.
1284 629 1346 657 287,
1364 630 1382 651 t.
1396 629 1443 655 37,
1461 626 1478 650 1'.
1492 627 1536 650 2⁷5.

324 674 442 704 Hypnum
455 672 658 702 cupressisorme.
674 672 727 695 Lin.
744 672 786 702 Sp.
799 671 855 699 PL,
873 678 897 701 p.
913 672 985 695 1592.
1007 671 1043 695 Fl.
1061 673 1139 698 Da›1.,
1156 675 1174 695 t.
1188 674 1244 697 555.
1260 674 1331 703 Enyl.
1345 673 1418 701 Bot.,
1433 676 1451 695 t.
1469 672 1544 696 1860.
1558 671 1642 695 Hedw.
1661 670 1738 695 Musc.
1754 672 1844 694 Frond.
1862 678 1902 699 iv,
1915 679 1939 701 p.
1953 674 1997 699 59,

296 723 314 743 ι,
332 720 374 743 25.
387 718 454 742 Brid.
467 718 550 748 Bryol.
569 716 635 740 univ.
653 723 684 745 11,
700 723 724 746 p.
745 718 804 740 605.
817 716 866 740 Dc,
884 716 922 739 Fl.
941 717 983 740 Fr.
996 722 1028 745 11,
1045 723 1070 746 p.
1090 718 1146 739 5255.
1164 717 1235 740 [1001.-
1251 722 1274 741 ει
1298 717 1363 749 Tayl.
1382 717 1459 740 Musa.
1477 716 1541 740 Brit.
1553 732 1561 743 ,
1579 722 1604 746 p.
1619 717 1680 743 113,
1703 719 1721 740 t.
1741 716 1782 739 2¹1.
1805 716 1900 740 Haben.
1919 718 1995 741 Mam.

291 764 374 788 Germ.
384 783 389 793 ‚
404 771 428 794 p.
445 764 502 787 685.
516 763 550 785 De
564 762 663 785 [vocaris
679 761 738 793 Syll.
756 762 836 785 Maso.
850 762 907 785 Ital.
920 777 926 787 ‚
940 768 965 791 p.
986 763 1026 785 55-

323 809 414 833 Exslc.
430 807 681 837 anckMoostasch.‚
695 809 714 830 t.
732 806 773 830 49.
792 807 877 837 Mouq.
892 810 914 829 el
930 806 1006 830 Nestl.
1018 822 1023 833 ,
1042 813 1067 829 n.
1080 807 1136 830 229.
1151 807 1301 831 Drummond
1311 807 1388 831 Maso.
1401 808 1486 837 Scot.,
1500 814 1524 831 v.
1537 809 1565 835 2,
1582 813 1607 831 n.
1621 806 1662 831 86.
1683 806 1741 830 Bais
1754 811 1777 830 et
1790 807 1826 830 De
1836 806 1894 830 Ntrs
1905 825 1910 834 ,
1923 807 1999 830 Musc.

291 853 403 881 Mecliol„
419 860 446 876 n.
461 853 493 876 28
505 855 529 877 et
547 852 587 876 29.
604 852 674 876 Βνέῠ.
692 852 782 875 Mouss.
799 850 884 875 Norm.
895 868 901 878 ,
918 858 944 875 n.
962 852 1076 875 150-154
1090 859 1157 876 varr.

329 897 402 927 Vin.
424 897 620 936 Longisetum
634 896 748 933 (Bi-id„
769 896 789 925 l.
812 907 851 933 c.‚
872 906 901 934 p.
918 897 987 932 611)
1001 895 1185 925 decumbens
1202 897 1408 936 subpinnatim
1422 908 1595 934 ramosum,
1616 897 1798 936 pedunculis
1820 896 2002 936 longissimis

291 948 543 985 (sescuncialibus)
557 959 580 977 s.
595 949 687 977 ramis
697 947 849 986 subduplo
860 947 1056 986 longioribus.

331 1000 405 1029 Vim.
422 1000 512 1029 Lauri
526 1001 567 1036 (1)
583 999 698 1036 (Bi-id„
715 999 733 1028 l.
753 1010 791 1036 c.‚
807 1010 836 1038 p.
854 1000 928 1036 609)
942 999 1142 1029 exilissimum
1155 1002 1371 1040 subpinnatum
1383 1024 1390 1037 ‚
1406 1001 1486 1031 soliis
1505 1001 1645 1030 secundis
1665 1000 1842 1030 subfalcatis
1862 1003 2001 1030 acumine

291 1052 464 1090 longissimo
473 1051 631 1089 pilisormi.
644 1051 792 1080 Omnium
804 1052 1039 1088 tenuissimum}
1051 1051 1125 1081 adeo
1139 1053 1244 1091 gracile
1259 1060 1292 1083 ut
1309 1053 1410 1082 oculos
1425 1053 1555 1082 inermes
1569 1051 1706 1091 effugiat.

330 1103 403 1133 ΗΔΒ.
419 1103 466 1131 Ad
479 1103 602 1132 cortices
613 1102 757 1131 arborum
770 1103 939 1132 insularum
952 1103 1178 1133 Canariensium
1194 1112 1222 1134 et
1236 1106 1265 1134 in
1282 1106 1345 1144 ipsa
1360 1106 1439 1134 terra
1451 1104 1530 1133 hanc
1542 1105 1671 1142 speciem
1687 1113 1760 1132 cum
1776 1103 1925 1132 Frullam‘a
1936 1104 2002 1131 Du-

291 1156 352 1183 rim·
364 1154 405 1183 N.
422 1154 470 1183 ab.
485 1154 523 1183 E.
538 1155 733 1183 commixtam
751 1154 834 1183 clarr.
852 1154 951 1183 Webb
963 1161 993 1183 et
1003 1154 1175 1191 Bet-thelon
1191 1165 1249 1185 var.
1267 1156 1450 1195 longisetum
1468 1157 1499 1184 in
1514 1155 1637 1184 Canarizi
1655 1154 1690 1184 cl.
1705 1154 1878 1193 Despreaux
1893 1162 1922 1183 et
1937 1166 1998 1183 var.

292 1207 380 1235 Lauri
396 1207 426 1234 in
438 1205 535 1235 insula
545 1205 696 1234 Teneriffzi
709 1205 763 1234 cel.
780 1205 858 1245 Boi-y
872 1205 1018 1244 legerunt.

329 1257 457 1286 Disrnm.
478 1268 563 1286 onoc.
581 1257 698 1295 Species
713 1257 934 1296 elegantissima
949 1259 1088 1287 omnium
1101 1260 1229 1288 maxime
1244 1257 1446 1297 proteiformis
1463 1265 1492 1287 et
1510 1258 1571 1287 fere
1586 1258 1700 1297 ubique
1733 1265 1881 1288 terrarum
1895 1259 2001 1295 obvia,

291 1319 346 1347 pro
360 1309 415 1337 soli
431 1310 536 1337 natura
548 1331 555 1345 ‚
572 1308 649 1337 sedis
663 1308 836 1337 conditione
846 1315 876 1337 et
890 1309 947 1337 loci
962 1309 1069 1338 natalis
1081 1309 1239 1338 altitudine
1254 1311 1331 1338 miro
1344 1308 1436 1337 modo
1455 1309 1583 1338 varians.
1597 1309 1682 1339 Inter
1697 1311 1827 1348 tropicos
1839 1311 1870 1339 in
1885 1318 2003 1340 montes

291 1360 464 1390 excelsiores
477 1359 619 1389 ascendit.
636 1359 694 1388 Per
708 1366 804 1388 totam
817 1360 972 1399 Europam
986 1360 1240 1400 frequentissima.
1259 1361 1295 1390 In
1309 1361 1405 1390 insula
1420 1360 1544 1389 Maderfi
1555 1362 1617 1398 jain
1631 1362 1754 1398 pridem
1773 1363 1789 1390 a
1805 1361 1841 1390 cl.
1862 1362 1898 1391 de
1918 1363 2000 1391 Bueh

291 1413 377 1442 lecta.
394 1413 477 1441 Inter
491 1422 608 1440 muscos
622 1412 768 1440 africanos
789 1412 828 1441 ab
841 1413 945 1441 amicis
960 1412 1087 1441 Roussel
1099 1419 1128 1441 et
1141 1412 1288 1441 Monnard
1304 1422 1341 1441 ex
1353 1411 1467 1450 Algeria
1488 1412 1594 1440 missos
1609 1422 1669 1440 non
1684 1411 1796 1442 aderat.
1813 1413 2000 1443 Varietatem

292 1464 371 1493 foliis
385 1465 468 1502 apice
479 1464 597 1493 serratis
612 1464 662 1493 vix
677 1469 779 1492 autem
794 1463 908 1492 falcatis
922 1464 1071 1503 insignem
1083 1465 1113 1492 in
1128 1465 1251 1493 Asturiis
1262 1464 1376 1494 invenit
1391 1463 1428 1493 cl.
1443 1463 1568 1492 Durieu.

813 1574 1012 1605 HYPNUM
1041 1574 1296 1604 STRIATUM.
1328 1575 1476 1605 Semina.

333 1654 369 1683 H.
382 1653 465 1683 caule
481 1653 622 1692 depresso
643 1658 822 1692 prorepente
843 1652 997 1690 ramisque
1016 1652 1124 1689 sparsis
1142 1652 1245 1679 erectis
1264 1651 1335 1689 vage
1352 1651 1497 1685 ramosis,
1518 1653 1611 1680 ramis
1632 1654 1795 1682 attenuatis
1815 1656 1979 1686 incurvatis
1991 1681 1997 1693 ‚

290 1706 369 1735 foliis
390 1706 556 1734 imbricatis
577 1705 714 1743 undique
738 1705 955 1743 patentissimis
976 1705 992 1732 ὲ
1013 1704 1134 1732 cordato
1156 1702 1488 1741 triquetro-lanceolatis
1506 1705 1624 1733 serratis
1643 1706 1772 1742 striatis‚
1789 1717 1881 1736 nervo
1903 1709 1997 1737 ultra-

291 1758 391 1787 medio
402 1780 409 1794 ,
423 1757 543 1796 capsula
555 1756 791 1795 ovato-oblonga
801 1779 809 1793 ‚
824 1756 934 1785 cernua
944 1779 951 1793 ⁷
967 1755 1139 1794 pedunculo
1153 1754 1218 1783 laevi
1230 1777 1237 1790 ‚
1249 1754 1387 1793 operculo
1402 1755 1489 1794 longe
1504 1762 1534 1784 et
1545 1755 1670 1794 oblique
1682 1764 1821 1787 rostrato.

322 1811 440 1840 Hypnum
452 1810 568 1839 vulgare,
583 1810 727 1838 dentatum,
745 1809 871 1839 operculis
889 1807 1033 1838 cuspidatis.
1052 1808 1106 1833 Dill.
1123 1809 1183 1832 Hist.
1200 1809 1271 1831 Musc.
1283 1825 1289 1836 ,
1306 1814 1330 1837 p.
1344 1808 1407 1837 297,
1427 1811 1446 1831 t.
1464 1809 1508 1836 58,
1529 1808 1545 1832 s.
1563 1810 1595 1832 50
1611 1809 1640 1832 B.

321 1856 439 1885 Hypnum
457 1853 581 1878 sti-iatum.
595 1853 694 1876 Sclzreb.
709 1844 795 1882 Sp'icz'l.
810 1853 849 1877 Fl.
864 1853 945 1882 Lips.,
958 1860 983 1883 p.
998 1854 1071 1877 1058.
1094 1854 1175 1876 Iledw.
1195 1854 1270 1876 Musc.
1284 1852 1385 1879 Frona„
1399 1859 1438 1881 iv,
1455 1860 1479 1883 p.
1500 1854 1546 1881 52,
1565 1856 1583 1877 t.
1601 1856 1641 1878 15.
1657 1854 1720 1885 Enq.
1741 1856 1794 1879 Boe.
1809 1874 1812 1879 .
1827 1860 1844 1879 t.
1864 1858 1933 1881 1648.
1949 1859 1997 1881 DC.

289 1901 326 1925 Fl.
339 1902 379 1924 Fr.
390 1907 408 1924 11
419 1919 425 1930 ,
440 1906 464 1930 p.
478 1900 535 1923 551.
552 1898 631 1923 Hook.
649 1903 672 1922 et
690 1898 754 1928 Tayl.
774 1899 850 1921 Musc.
868 1899 930 1921 Brit.
941 1916 948 1927 ,
968 1905 992 1928 p.
1010 1899 1071 1927 178,
1085 1902 1103 1922 t.
1117 1900 1157 1922 26.
1174 1897 1274 1922 DeN'trs.
1295 1898 1354 1929 Syll.
1375 1899 1451 1923 Musc.
1469 1900 1525 1923 Ital.
1536 1919 1541 1929 ,
1555 1907 1578 1930 p.
1594 1902 1636 1923 59-

322 1946 414 1970 Exsm.
430 1944 511 1968 Funck
527 1943 674 1968 Moostasch.
685 1963 691 1973 ‚
707 1946 725 1967 t.
743 1945 786 1967 43.
806 1944 886 1972 Mouq.
906 1948 929 1966 el
943 1942 1032 1970 Nestl„
1050 1950 1074 1966 n.
1092 1943 1147 1966 112.
1165 1943 1263 1966 Holmon
1277 1942 1337 1966 Brit.
1356 1943 1429 1967 Mass.
1440 1961 1445 1971 ,
1462 1950 1485 1967 v.
1507 1946 1534 1972 1,
1551 1951 1576 1968 n.
1591 1945 1631 1968 87.
1652 1946 1804 1969 Drummond
1822 1947 1898 1971 Mnsc.
1914 1951 1992 1975 scot..

290 1997 312 2015 v.
325 1992 338 2014 1
350 2009 356 2020 ,
371 1997 397 2015 n.
415 1991 455 2014 84,
473 1990 531 2013 Bals
546 1994 569 2012 et
581 1990 616 2013 De
626 1989 693 2013 Ntrs.
712 1989 788 2013 Musc.
804 1987 919 2016 Mediol„
937 1994 961 2011 n.
982 1989 1024 2011 14.
1045 1988 1116 2011 Brc‘b.
1134 1989 1213 2011 Mons.
1230 1988 1315 2012 Norm.
1327 2007 1333 2018 ,
1347 1995 1372 2013 n.
1386 1990 1427 2012 55.

322 2036 441 2066 Hypnum
455 2036 641 2066 longirostrum.
662 2034 739 2059 ΕΙινΙι.
755 2034 794 2059 Pl.
809 2041 876 2062 exa,
890 2041 915 2064 p.
929 2035 970 2057 75.
987 2034 1054 2057 Brid.
1070 2033 1150 2064 Bryol.
1164 2034 1226 2057 univ.
1241 2040 1273 2062 11,
1290 2040 1315 2064 p.
1333 2034 1389 2058 502.
1407 2035 1502 2058 Haben.
1518 2036 1595 2061 Musc.
1612 2037 1710 2067 Gerra,
1727 2045 1751 2068 p.
1766 2040 1823 2062 670.

328 2080 399 2108 ΗΑΒ.
417 2080 463 2108 Ad
477 2090 545 2108 saxa
559 2079 619 2108 uda
633 2085 664 2108 et
678 2085 799 2107 truncos
811 2077 975 2107 arborum?
990 2078 1021 2106 in
1036 2077 1141 2106 insulis
1157 2077 1376 2108 canariensibus
1390 2080 1572 2117 paucissima
1586 2077 1616 2109 ἐἰ
1635 2081 1775 2120 improba
1784 2105 1792 2118 ‚
1804 2084 1996 2122 agnoscibilia

292 2131 412 2160 tandem
426 2154 433 2167 ‚
455 2132 619 2169 specimina
637 2132 669 2159 in
692 2130 885 2159 Madoclzecam
907 2131 1095 2158 canarz'ensem
1114 2130 1301 2168 perrepentia
1320 2136 1350 2159 et
1369 2131 1433 2169 ipsa
1453 2132 1626 2170 coespitibus
1644 2140 1783 2172 perrepta
1804 2135 1996 2165 viridissimis

289 2184 431 2222 LeJ'eunz'cr
442 2183 627 2223 serpyllffblioe
642 2182 793 2221 calycihus
807 2182 924 2211 onustis
934 2181 1010 2211 lecta
1022 2187 1102 2210 sunt.

328 2235 455 2264 Disrnm.
471 2245 556 2264 onoc.
576 2234 612 2263 In
633 2233 725 2273 sylvis
745 2240 775 2263 et
793 2235 887 2272 pratis
901 2233 1052 2262 umbrosis
1071 2232 1242 2262 siccioribus
1260 2234 1353 2263 totius
1373 2234 1500 2274 Europae
1518 2243 1708 2276 temperatae,
1724 2238 1800 2267 Asiae
1823 2245 1852 2267 et
1872 2238 1995 2276 Africae,

288 2293 423 2325 rupestre
438 2293 576 2315 terrestre
591 2297 628 2314 an
643 2285 1005 2314 a1·horeun1?confertum
1021 2285 1149 2315 habitat.
1165 2284 1208 2313 Ex
1224 2285 1348 2315 Asturiis
1365 2287 1541 2317 varietatem
1555 2287 1648 2327 hujus
1659 2295 1723 2318 toto
1733 2289 1843 2319 habitu
1857 2291 1997 2320 receden-

289 2345 350 2366 tem
362 2337 466 2366 retulit
481 2337 517 2366 cl.
534 2337 650 2366 Durieu
664 2346 732 2376 quae
746 2343 848 2366 tamen
862 2335 1086 2365 characteribus
1097 2347 1120 2365 s.
1135 2337 1212 2365 notis
1224 2337 1428 2367 essentialibus
1439 2340 1455 2367 a
1467 2345 1541 2378 typo
1552 2350 1613 2368 non
1627 2340 1786 2379 discrepat.

792 2449 991 2480 HYPNUM
1018 2449 1337 2479 RUSCIFORME.
1360 2450 1492 2481 Wmss.

327 2527 363 2556 H.
383 2526 466 2556 caule
479 2533 602 2565 repente
613 2526 783 2555 inordinate
794 2536 930 2563 ramoso,
946 2525 1010 2555 basi
1024 2526 1131 2564 saepius
1147 2524 1297 2554 denudato
1307 2547 1315 2563 ,
1327 2527 1417 2556 ramis
1428 2528 1535 2557 erectis
1550 2528 1724 2567 subdivisis,
1735 2529 1815 2560 foliis
1828 2532 1998 2562 imbricatis

287 2579 433 2617 appressis
444 2578 677 2617 subpatentibus
689 2578 919 2608 cordato-acutis
933 2578 1067 2607 concavis
1082 2577 1234 2607 serrulatis
1243 2599 1252 2614 ‚
1263 2577 1453 2609 ultranerviis
1461 2602 1468 2616 ‚
1478 2580 1599 2619 capsula
1613 2582 1700 2611 ovata
1711 2584 1821 2612 cernua
1833 2606 1840 2619 ‚
1853 2585 1994 2622 operculo

287 2640 417 2660 convexo
427 2630 550 2670 oblique
560 2630 709 2670 longeque
720 2636 860 2660 rostrato.

319 2683 437 2713 Hypnum
449 2682 513 2707 loliis
525 2682 714 2707 ruscisormihus
725 2701 731 2712 ,
752 2683 860 2713 capsulis
874 2682 1071 2707 subrotundatis.
1084 2683 1139 2706 Dill.
1155 2682 1218 2706 Hist.
1238 2682 1328 2712 msc„
1340 2690 1364 2714 p.
1377 2683 1439 2713 298,
1453 2687 1473 2710 t.
1488 2686 1535 2717 58,
1550 2685 1568 2709 1.
1588 2687 1617 2710 51
1635 2688 1660 2710 et
1671 2687 1715 2710 52.

318 2728 437 2758 Hypnum
449 2728 603 2752 rusciforme.
619 2728 705 2752 Weiss.
719 2728 758 2751 Pl.
774 2732 852 2759 crypt.
868 2728 908 2752 Fl.
924 2728 1011 2758 Gaetu,
1027 2735 1052 2759 p.
1066 2729 1122 2752 225.
1139 2728 1205 2751 Brid.
1220 2727 1299 2757 Bryol.
1316 2729 1380 2753 univ.
1393 2736 1427 2759 11,
1439 2737 1464 2761 p.
1478 2732 1535 2755 497.
1547 2730 1597 2756 Dc.
1614 2731 1650 2755 Fi.
1666 2732 1706 2755 Fr.
1723 2738 1754 2761 11,
1772 2739 1796 2762 p.
1810 2733 1868 2757 559.
1882 2733 1915 2756 De
1927 2733 1992 2758 Ntrs.

292 2773 352 2805 Syll.
365 2773 443 2797 Musc.
457 2773 531 2801 luza,
546 2780 571 2803 p.
585 2774 629 2797 54.

322 2818 414 2843 Exsm.
431 2819 498 2842 Bals.
512 2823 534 2842 et
547 2819 581 2842 De
595 2818 661 2842 Nars.
678 2819 753 2843 Musa.
768 2819 883 2851 Mediol.‚
900 2825 926 2842 n.
944 2821 984 2843 13.
1002 2818 1073 2843 Breb.
1092 2819 1171 2843 Mons.
1186 2818 1266 2842 Norm.
1277 2836 1283 2848 ,
1295 2825 1320 2844 n.
1334 2820 1374 2844 78.

319 2938 355 2971 (1)
370 2940 399 2964 In
411 2939 555 2964 collectione
565 2937 706 2965 Webbiana
717 2945 766 2963 non
779 2939 849 2964 adest
860 2939 913 2963 haec
924 2938 1015 2963 ultima
1026 2939 1143 2963 varietas.
