2486 3735
1006 433 1172 480 (165)

860 562 1138 596 DUMONTIA.
1180 565 1312 598 LAMx.

278 649 443 682 Fauc'rus
463 645 594 693 duplex
612 658 619 679 :
644 648 676 679 1ο
692 655 928 682 spommonuiu
955 646 1145 693 glomeruli
1166 647 1332 694 sphaerici
1353 647 1397 684 ad
1420 647 1667 684 membranam
1694 648 1831 684 frondis
1854 649 1947 684 intus

230 706 490 751 adnascentes3
510 709 548 739 2⁰
561 715 713 740 GONGle
729 705 857 740 ternati
885 705 968 741 hinc
988 706 1070 742 inde
1088 709 1214 754 sparsi.
1237 712 1354 744 Fnous
1372 715 1474 744 ovata
1494 715 1554 744 aut
1571 709 1781 756 eyHndrica,
1796 709 1948 757 simplex

229 768 281 803 vel
297 778 451 809 ramosa„
467 765 742 801 membranacea
757 792 765 809 ‚
779 767 1106 813 purpureo-rubra,
1122 768 1217 804 intus
1235 781 1332 813 cava,
1347 769 1500 806 humore
1519 770 1777 818 mucilaginoso
1796 770 1946 818 repleta.

230 831 438 864 STRUCTURA
459 826 640 862 cellulosa.

660 938 924 968 DUMONTIA
957 938 1307 969 CANARIENSIS.
1342 940 1516 969 MONTAG.

266 1015 302 1044 D.
316 1016 418 1054 stipite
434 1015 611 1044 abbreviato
626 1017 656 1044 in
669 1016 791 1044 frondes
804 1015 905 1054 plures
918 1016 1021 1045 inflato
1033 1015 1210 1055 cylindricas
1222 1017 1365 1047 obovatas
1376 1041 1383 1051 ‚
1397 1019 1479 1047 intus
1493 1029 1594 1054 cavas,
1611 1019 1763 1057 simplIces
1777 1027 1830 1049 aut
1841 1022 1857 1049 ὲ
1872 1023 1949 1058 peri-

227 1067 330 1105 pheria
343 1074 477 1096 ramenta
491 1067 659 1096 consimilia
672 1069 863 1102 eniittentes3
878 1067 1014 1106 gongylis
1027 1069 1153 1096 ternatis
1168 1079 1220 1106 per
1232 1069 1372 1098 frondem
1395 1071 1514 1107 sparsis.

265 1120 336 1149 ΗΔΒ.
351 1119 387 1147 In
402 1119 558 1148 littoribus
570 1119 675 1148 insulae
687 1119 829 1155 Canariae,
843 1118 880 1147 ad
892 1118 1014 1148 Isletam
1026 1141 1033 1155 ,
1047 1120 1162 1148 invenit
1174 1120 1208 1149 cl.
1223 1121 1405 1159 Despreaux.

263 1173 346 1198 DEsc.
368 1172 465 1198 Ramx
481 1172 564 1198 callus
579 1172 713 1198 minimus.
732 1172 869 1198 Fiioxmzs
884 1179 915 1197 ex
932 1170 1028 1197 eodem
1048 1171 1139 1206 stipite
1157 1181 1202 1198 scu
1221 1173 1296 1199 caule
1314 1173 1431 1199 filiformi
1450 1173 1605 1200 abbreviato
1621 1174 1743 1201 bilineari
1757 1181 1872 1210 surgunt
1887 1176 1947 1210 plu-

226 1227 268 1246 res
279 1241 284 1252 ,
296 1220 417 1253 juniores
436 1219 615 1245 clavaelormes
627 1240 633 1250 ‚
645 1218 743 1245 adultae
754 1218 889 1249 obovatae,
903 1218 960 1244 basi
975 1222 1129 1249 attenuatae,
1142 1220 1216 1253 quusi
1230 1220 1373 1254 pctiolatae,
1391 1220 1463 1246 intus
1478 1229 1556 1253 cavae,
1569 1229 1664 1248 novem
1678 1222 1762 1249 lineas
1775 1223 1859 1257 longae
1871 1245 1877 1256 ‚
1890 1223 1948 1250 dia-

224 1272 310 1293 metro
334 1268 437 1293 tantuin
463 1266 584 1292 bilineari
599 1286 604 1298 ‚
619 1266 693 1300 apice
709 1264 877 1299 rotundalae,
891 1265 1050 1300 plerumque
1070 1266 1205 1299 simplices
1215 1289 1221 1300 ‚
1236 1267 1371 1294 interdum
1384 1269 1446 1294 vero
1462 1273 1580 1295 ramenta
1595 1270 1744 1296 consimilia
1755 1291 1761 1302 ,
1774 1270 1929 1298 brevissima
1940 1292 1947 1306 ,

224 1315 283 1341 raro
301 1314 399 1341 lineam
416 1314 587 1348 superantia,
601 1314 699 1347 passim
711 1314 725 1338 e
742 1312 893 1347 peripheria
906 1321 955 1339 nec
971 1312 1004 1339 ad
1015 1318 1102 1339 ortum
1118 1314 1173 1340 ullo
1188 1314 1268 1341 modo
1284 1315 1428 1342 constricta
1448 1316 1651 1350 progignentes.
1664 1317 1712 1344 Hae
1732 1318 1842 1345 frondes
1854 1340 1860 1350 ‚
1874 1327 1948 1353 (piae,

223 1362 287 1389 dum
302 1362 411 1394 vivunt,
428 1363 541 1388 humore
555 1359 791 1394 mucilaginisormi
808 1359 914 1394 repletae
928 1364 1009 1393 sunt,
1021 1362 1034 1386 e
1049 1361 1155 1387 cellulis
1168 1366 1293 1388 constant
1313 1362 1477 1389 tenuissimis
1487 1384 1493 1395 ,
1507 1363 1650 1397 pellucidis
1670 1368 1696 1390 et
1712 1364 1762 1390 sub
1772 1366 1950 1401 microscopio

223 1409 373 1444 composito
384 1409 425 1435 vix
437 1407 633 1443 perspiciendis
646 1427 652 1439 ,
665 1406 833 1442 epidcrmide
850 1407 1011 1441 punctulato
1029 1408 1157 1442 religatis.
1172 1408 1320 1436 Fnucms:
1335 1418 1482 1443 GONGYLl,
1495 1411 1565 1437 utin
1584 1410 1690 1436 Irc'doea
1703 1412 1852 1447 rem'sormi
1863 1414 1946 1440 Grev.

224 1457 298 1492 <Alg.
313 1457 386 1483 Bril.
399 1465 426 1491 p.
439 1456 510 1489 161.)
526 1455 632 1488 ternati,
648 1455 786 1490 purpurei,
804 1454 867 1481 hinc
881 1454 944 1481 inde
958 1455 1008 1481 sub
1020 1456 1185 1490 epidermidc
1200 1458 1294 1492 sparsi.
1307 1459 1410 1485 COLOR
1422 1466 1513 1485 roseus
1527 1458 1567 1484 vel
1581 1467 1778 1494 purpurasceus
1793 1460 1820 1486 in
1836 1461 1947 1488 viridem

225 1505 357 1531 transiens
367 1527 373 1537 ‚
389 1504 501 1531 maxime
516 1504 603 1538 fugax.
621 1504 802 1530 SUBSTAN'HA
814 1502 1177 1537 gelannoso-membranacea
1187 1525 1193 1537 ,
1208 1505 1360 1532 tenen-inm.

257 1552 311 1580 Vix
328 1552 409 1587 hujus
424 1552 477 1578 loci
490 1550 646 1577 Dumomia
661 1550 747 1576 omlis
760 1550 832 1577 Suhr
848 1550 958 1584 (Flora,
970 1550 1051 1585 May,
1066 1554 1144 1583 1840,
1162 1555 1298 1586 1).‘.274.n.
1316 1554 1362 1587 13)
1382 1554 1457 1587 cujus
1471 1554 1616 1589 exemplar,
1631 1562 1753 1582 mancum
1765 1555 1886 1591 quidem,
1899 1556 1947 1583 he-

222 1599 304 1634 nigne
317 1608 419 1626 mecum
432 1599 637 1626 communicavit
646 1598 730 1625 celeb.
748 1598 896 1631 Lehmann,
906 1599 968 1625 cum
979 1598 1013 1625 cl.
1026 1598 1096 1625 Suhr
1105 1600 1219 1625 fructum
1233 1599 1341 1634 quidem
1354 1600 1432 1635 plane
1443 1601 1587 1636 diversum,
1601 1602 1775 1630 substantiam
1785 1604 1942 1635 coriaceam,

222 1647 394 1682 coloremque
408 1647 522 1674 obscure
540 1654 704 1682 purpuream
716 1646 793 1680 Algae
805 1654 860 1672 suae
877 1645 973 1672 tribuit
985 1667 990 1679 ‚
1002 1646 1091 1672 omnia
1105 1654 1169 1673 meae
1183 1648 1293 1682 prorsus
1308 1648 1402 1675 aliena.

744 1768 841 1805 Trib.
864 1772 936 1804 VII.
971 1772 1265 1806 CERAMIEAE.
1298 1773 1422 1807 DUBY.

936 1884 1116 1918 DASYA.
1156 1885 1226 1918 AG.

271 1973 436 2006 FRUCTus
466 1968 626 2015 duplex:
658 1971 692 2003 1ο
709 1970 877 2005 CAPSULAE
907 1974 1097 2012 rostratae,
1124 1968 1263 2004 sessiles
1291 1975 1352 2004 aut
1380 1968 1510 2016 saepit'ls
1535 1969 1756 2016 pedicellatae
1783 1982 1946 2008 SPORIDIA

222 2029 433 2077 pyriformia
457 2029 567 2064 fundo
589 2040 718 2064 eorum
744 2029 814 2065 filis
843 2029 1045 2065 articulatis
1073 2029 1176 2065 affixa
1206 2029 1453 2077 includentes;
1480 2033 1518 2065 2⁰
1545 2040 1723 2066 smcumm
1748 2031 1946 2068 lanceolata

222 2090 277 2127 vel
288 2096 392 2126 ovata
410 2090 583 2136 gongylos
601 2088 815 2136 sphaericos,
833 2089 945 2125 limbo
958 2089 1109 2136 hyalino
1124 2089 1276 2134 cinctos,
1296 2089 1331 2125 in
1346 2090 1470 2126 fascias
1485 2091 1742 2127 transversale—s
1760 2093 1947 2139 parallelas

221 2150 431 2198 dispositos,
451 2150 506 2186 vel
530 2156 567 2185 et
591 2161 734 2197 sparsos
751 2177 760 2194 ,
782 2150 953 2186 foventia.
986 2153 1104 2186 Fnous
1119 2150 1332 2198 plerumque
1359 2151 1553 2195 filiformis,
1571 2152 1686 2188 rarius
1705 2153 1832 2200 plana,
1855 2165 1944 2189 con—

221 2212 320 2254 tinua
335 2240 344 2257 ‚
365 2211 674 2259 longitudinaliter
692 2211 802 2246 dense
827 2210 952 2246 striata
974 2216 1036 2246 aut
1048 2210 1452 2257 celluloso-reticulata‚
1474 2225 1617 2250 ramosa
1631 2241 1640 2257 ‚
1661 2213 1830 2249 emittens
1849 2214 1946 2250 varii¹

221 2273 259 2308 in
278 2272 431 2308 diversis
450 2271 640 2319 speciebus
655 2272 844 2320 penicillos
862 2271 1028 2307 laterales
1044 2271 1187 2307 filorum
1205 2272 1477 2309 articulatorum
1488 2301 1497 2318 ,
1519 2273 1866 2318 minutissimorum,
1889 2275 1945 2310 di-

220 2334 487 2369 chotomorum.
511 2335 629 2368 Cocon
653 2344 784 2368 roseus
815 2332 870 2368 vel
903 2333 1235 2379 fusco-purpureus.
1265 2335 1482 2370 SUBSTANTIA
1513 2334 1676 2370 coriacea
1702 2334 1758 2370 vel
1789 2334 1942 2380 lubrica,

222 2394 427 2441 gelatinosa.

710 2478 859 2508 DASYA
890 2476 1248 2507 BAILLOWIANA.
1282 2477 1455 2509 ΜοΝΤΛα.

261 2551 305 2586 DJ
316 2557 423 2586 fronde
436 2557 524 2586 tereti
540 2556 676 2585 filiforini
690 2557 805 2585 sensim
823 2556 979 2585 attenuata
993 2555 1058 2584 laxe
1073 2555 1248 2584 dichotoma
1261 2578 1268 2592 ‚
1284 2557 1375 2585 ramis
1387 2556 1531 2595 elongatis
1544 2557 1801 2596 simpliciusculis‚
1814 2560 1946 2589 rainellis

222 2609 507 2648 penicilliforinibus
520 2610 707 2639 tenuissimis
719 2610 783 2638 tota
796 2608 914 2638 obsessa
927 2622 933 2643 ;
947 2608 1051 2637 fructu
1069 2608 1183 2647 duplici
1200 2610 1229 2636 in
1252 2608 1419 2637 individuis
1441 2609 1567 2638 diversis
1581 2621 1588 2638 :
1605 2610 1734 2649 capsulis
1759 2612 1946 2650 pedicellatis

220 2662 356 2690 rostratis
370 2662 501 2699 spol-idia
522 2662 701 2701 pyrisormia
721 2661 784 2690 basi
800 2661 886 2689 affixa
904 2660 1132 2689 includentibus
1144 2673 1150 2694 ;
1164 2660 1312 2689 stichidiis
1333 2671 1386 2690 seu
1400 2662 1594 2701 receptaculis
1614 2662 1788 2693 lanceolatis
1801 2665 1946 2704 gongylos

220 2713 284 2742 basi
298 2714 454 2742 immersos
464 2713 648 2743 foventibus.

254 2766 430 2791 Baillowiana.
448 2767 537 2790 Grisel.
552 2767 762 2796 Observ.Ve›1et.,
778 2768 852 2791 1758.
872 2773 928 2790 cum
945 2766 1022 2790 icone.

254 2813 336 2837 Fucus
347 2811 520 2836 Baillowiana.
537 2813 614 2836 Gmel.
627 2814 692 2837 Hise.
710 2815 782 2843 Fuc.,
798 2820 822 2843 p.
840 2814 897 2836 165.

254 2858 444 2888 Sphaerococcus
454 2857 626 2888 pedicellatus.
645 2857 690 2888 Ay.
706 2858 777 2888 Spec.
796 2857 861 2888 Alq„
880 2863 898 2884 1,
911 2857 1000 2887 p.521.

254 2903 336 2933 Dasya
350 2903 504 2933 pedicellata.
520 2902 607 2932 Ejusd.
619 2902 694 2931 syst„
713 2909 738 2932 p.
749 2904 807 2926 211.

254 2949 413 2974 Rhodonem-‘¹
429 2949 537 2979 elegans.
553 2948 669 2977 Mar-tens,
685 2948 763 2977 Reise,
783 2951 802 2971 ῑ.
819 2949 843 2973 8,

252 2994 414 3020 Baillowiana
427 2993 569 3019 Grisellini.
585 2993 676 3022 Νανάο,
694 3001 725 3017 ex
742 2993 844 3024 specim.
858 2994 913 3017 ἀεὶ.
932 2992 1069 3023 Meneqhini
1080 2997 1190 3023 accepto.
