2486 3735
1284 411 1451 454 (1312)

553 493 626 524 Vin.
640 505 667 524 a.
691 495 934 523 ANcus-rirommr.
949 491 1081 527 Montag.
1096 498 1151 516 ms.
1170 500 1177 516 ε
1194 487 1301 516 fronde
1314 487 1447 516 breviter
1464 487 1602 525 stipitata
1614 508 1622 521 ‚
1640 485 1742 523 stipite
1757 482 1950 512 tuberculoso
1960 505 1967 517 ,
1990 484 2081 511 ramis
2095 484 2228 512 subsim-

514 546 642 585 plicibus
663 545 845 575 sublaevibus
858 567 864 579 ,
890 543 969 572 foliis
987 540 1121 579 angustis
1139 538 1291 577 petiolatis
1311 537 1501 578 inaequaliter
1519 535 1729 576 profundeque
1751 533 2056 572 dentato-spinulosis
2075 534 2230 563 undulatis

513 599 620 634 acutis,
636 598 699 627 basi
714 596 913 633 subobliquiS‚
930 603 1022 621 nervo
1034 593 1149 630 integro
1161 592 1322 630 percursis,
1338 589 1478 619 vesiculis
1495 596 1547 618 aut
1562 587 1653 617 nullis
1667 594 1721 616 aut
1735 587 1851 625 apicem
1866 585 1969 614 versus
1984 596 2140 614 ramorum
2157 596 2229 614 con-

513 650 598 679 fertis
612 650 716 688 saepius
729 647 860 681 muticis,
873 644 924 673 sed
939 650 969 672 et
986 643 1184 678 mucronatis,
1195 641 1308 680 petiolo
1318 641 1390 670 hinc
1407 640 1454 670 vel
1469 641 1613 679 utrinque
1628 639 1768 676 dentato,
1780 637 1973 677 receptaculis
1984 636 2108 666 laevihus
2123 638 2229 676 spinu-

514 702 643 741 losisque
657 699 830 730 axillaribus
846 696 999 725 iuteidum
1016 696 1153 734 copiosis.

553 756 565 766 *
581 754 642 781 Pl„
645 754 712 780 (loci
714 759 796 785 suan,
808 748 888 777 foliis
899 748 1033 786 angustis
1047 746 1228 785 longissimis
1244 745 1281 774 ad
1292 747 1409 784 apicem
1421 745 1565 780 nervosis,
1579 754 1699 772 sursum
1710 753 1813 772 versus
1827 741 2079 776 decrescentibus,
2093 723 2231 769 vesiculis

513 806 663 844 plenisque
681 803 761 840 apice
778 800 842 829 folii
854 799 1004 839 producto
1025 799 1190 834 coronatis,
1207 797 1401 836 receptaculis
1417 794 1793 835 spinosissiinis.Va11atio
1807 794 1846 823 ad
1862 796 2040 834 Sargassum
2055 793 2230 829 zffrzczszyblzum

513 858 666 885 transiens.

551 908 621 936 Vim.
641 907 664 934 ί).
683 905 876 940 LATiromuM,
894 903 1026 942 Montag.
1046 913 1102 931 ms.
1115 915 1121 931 :
1137 901 1244 931 fronde
1258 900 1424 937 subsessili,
1440 901 1530 929 ramis
1543 899 1648 928 divisis
1658 899 1825 936 praesertim
1840 897 1960 926 sursum
1972 898 2139 933 muricatis,
2152 896 2233 926 soliis

513 957 676 988 latiusculis
692 955 999 994 ‹lentato-spinulosis
1010 955 1074 984 basi
1085 954 1219 993 obliquis
1230 954 1313 992 apice
1324 953 1440 982 obtusis
1456 951 1727 988 undulato-crispis
1749 950 1900 988 petiolatis
1911 973 1918 986 ,
1934 950 2046 988 petiolo
2060 949 2137 978 alato
2157 949 2231 978 den-

513 1020 573 1040 tato
584 1034 590 1046 ,
609 1009 746 1039 vesicttlis
758 1015 792 1037 ut
804 1009 836 1037 in
848 1009 941 1047 priori
956 1007 1108 1046 petiolatis
1117 1029 1123 1041 ,
1141 1006 1192 1035 sed
1203 1006 1294 1044 paulo
1311 1005 1476 1043 majoribus
1487 1027 1493 1041 ‚
1506 1002 1700 1042 receptaculis
1711 1003 1839 1040 spinosis
1853 1002 2004 1031 torulosis.

551 1066 621 1092 ΗΑΒ.
636 1061 682 1091 Ad
697 1071 762 1090 oras
774 1060 967 1089 Canai-tenses
982 1059 1104 1098 vulgare
1117 1083 1123 1095 ,
1140 1070 1157 1087 α
1172 1060 1203 1088 iu
1219 1058 1315 1087 insula
1328 1058 1457 1087 Gornera
1471 1080 1477 1092 ,
1498 1057 1514 1085 b
1528 1057 1557 1084 in
1570 1055 1693 1084 canaria
1709 1055 1875 1092 praesertim
1886 1053 1972 1083 lecta.

548 1130 632 1155 lffisc.
649 1128 743 1154 Rimx
757 1126 847 1153 discus
861 1126 981 1159 conicus,
998 1126 1037 1151 rel
1053 1129 1157 1151 scutum
1172 1124 1297 1159 pollicem
1311 1123 1403 1155 latum,
1422 1122 1608 1158 appianatnm,
1621 1121 1735 1156 rupibus
1748 1120 1888 1147 adhaerens
1902 1120 2065 1155 frondesque
2082 1120 2233 1154 produt-ew

513 1186 538 1202 ni
557 1184 609 1202 var.
634 1185 651 1200 α
672 1175 790 1201 breviter
806 1174 954 1209 sdpitatas,
977 1173 1070 1208 stipite
1084 1175 1140 1198 5-4
1155 1171 1202 1198 lin.
1220 1171 1313 1205 longo,
1328 1171 1458 1198 diametro
1472 1170 1583 1203 lineari,
1598 1169 1771 1196 verruculoso
1782 1190 1789 1203 ,
1810 1169 1838 1195 in
1857 1176 1910 1195 var.
1928 1168 1943 1192 b
1957 1168 2020 1194 vero
2032 1168 2123 1194 statim
2144 1167 2233 1194 caules

512 1224 636 1250 emittens
656 1222 789 1257 simplices
811 1225 855 1248 aut
876 1222 949 1256 apice
965 1220 1074 1247 divisos.
1099 1221 1213 1247 CAULES
1236 1220 1399 1254 compressi,
1416 1219 1554 1245 filiformes
1565 1239 1572 1251 ,
1595 1220 1622 1244 in
1637 1227 1654 1243 a
1675 1225 1707 1244 ex
1723 1216 1799 1252 apice
1817 1216 1914 1251 stipitis
1935 1215 2026 1250 plures
2039 1235 2045 1245 ,
2061 1220 2092 1241 ut
2106 1215 2135 1241 in
2147 1215 2232 1249 priori

511 1271 614 1306 specie„
633 1269 760 1302 oriundi,
777 1269 969 1302 dodrantales‚
987 1272 1016 1295 ut
1030 1268 1175 1303 plurimum
1189 1267 1324 1302 simplices
1335 1288 1341 1300 ,
1358 1268 1417 1294 raro
1438 1269 1546 1293 sursum
1560 1265 1653 1299 dirisi,
1669 1264 1827 1299 leviusculi,
1841 1271 1938 1298 pennae
1954 1263 2093 1290 merulinae
2109 1263 2234 1289 crassitu-

512 1319 574 1346 dine
587 1341 591 1351 ,
608 1319 696 1354 apices
711 1319 804 1344 verssJs
817 1317 948 1344 attenuati
960 1326 966 1349 ;
984 1317 1010 1342 in
1025 1316 1040 1342 b
1055 1318 1068 1342 c
1083 1316 1158 1342 disco
1173 1323 1219 1342 seu
1232 1319 1309 1342 scuto
1324 1319 1464 1349 surgentes
1474 1334 1480 1345 ,
1494 1312 1664 1340 crassinsculi
1676 1332 1683 1344 ,
1697 1311 1817 1346 eJusdem
1831 1319 1861 1338 ac
1874 1312 1901 1337 in
1913 1320 1930 1336 a
1943 1310 2122 1345 longitudinis
2135 1314 2161 1337 et
2172 1312 2234 1344 vage

513 1369 626 1400 nuncsi,
651 1375 697 1402 per
713 1371 795 1393 totam
816 1365 1016 1401 longitudinem
1039 1364 1154 1400 spinulis
1174 1363 1356 1399 simplicibus,
1371 1363 1481 1390 bifurcis
1495 1367 1540 1389 aut
1563 1361 1731 1389 extremitate
1758 1360 1870 1387 stellatis
1883 1380 1890 1394 ,
1909 1359 1966 1386 basi
1989 1359 2073 1391 raris,
2094 1358 2127 1386 ad
2147 1359 2236 1393 apices

513 1418 574 1442 vero
589 1413 803 1442 conlertiusculis
822 1412 914 1440 obsiti.
931 1413 1048 1439 Rimari
1069 1411 1231 1445 conformes,
1250 1410 1374 1445 distichi,
1389 1409 1437 1437 sed
1454 1410 1533 1437 etiam
1548 1408 1682 1444 spiraliter
1700 1408 1814 1440 alterni,
1831 1408 1960 1442 flexuosi,
1978 1407 2038 1442 plus
2053 1407 2173 1434 minusve
2187 1415 2235 1441 ap-

513 1462 656 1498 proximati
669 1483 674 1495 ,
693 1460 842 1488 intervallis
857 1463 902 1487 1-5
916 1460 964 1486 lin.
984 1458 1160 1492 variantibus,
1176 1461 1206 1486 eo
1220 1459 1369 1485 minoribus
1382 1463 1471 1485 autem
1483 1459 1536 1492 quo
1550 1457 1743 1493 superioribus,
1761 1456 1887 1491 seJuncti‚
1901 1456 1915 1481 e
1930 1454 2000 1481 foliis
2013 1454 2136 1481 vesiculis
2146 1462 2237 1489 recep-

514 1510 659 1544 taculisquc
675 1509 816 1544 compositi
829 1530 833 1537 ,.
849 1513 879 1534 ut
893 1508 1037 1542 plurimum
1050 1507 1198 1534 brevissimi
1220 1506 1401 1541 subaequales,
1416 1506 1444 1532 in
1458 1516 1475 1532 a
1488 1507 1592 1532 sursum
1607 1505 1720 1539 maiores
1731 1526 1737 1537 ‚
1753 1505 1781 1530 in
1795 1513 1813 1529 α
1829 1506 1840 1516 *
1853 1505 1867 1530 a
1881 1503 1938 1530 basi
1954 1502 1987 1529 ad
2006 1502 2109 1537 apicem
2124 1501 2235 1528 decres-

513 1564 612 1585 centes.
636 1559 724 1584 FoLiA
743 1556 891 1584 admodum
912 1555 1041 1582 variantia
1051 1577 1057 1588 ‚
1080 1555 1209 1590 simplicia
1222 1576 1229 1590 ‚
1244 1555 1374 1582 bifurcata
1387 1559 1432 1580 aut
1445 1553 1610 1590 pinnatifissa
1626 1553 1652 1579 in
1666 1552 1761 1580 eodem
1779 1550 1930 1586 individuo,
1944 1550 1985 1577 vel
1999 1550 2025 1576 in
2043 1549 2192 1576 individuis
2206 1557 2236 1576 ex

514 1606 609 1633 eodeni
623 1606 697 1632 disco
713 1605 795 1631 enatis
809 1603 938 1638 simplicia
952 1607 997 1629 :int
1011 1604 1120 1638 proi-stis
1130 1602 1215 1629 divisa
1225 1624 1231 1635 ,
1246 1602 1467 1629 membranaceo—
1477 1601 1649 1636 cartilaginea
1662 1622 1668 1632 ,
1691 1600 1718 1626 in
1733 1609 1750 1625 α
1765 1599 1854 1626 tenuia
1864 1620 1872 1632 ,
1889 1597 2159 1631 lineari—lanceolata,
2177 1597 2234 1624 lon-

514 1656 604 1689 giora,
621 1653 743 1688 pollicem
763 1651 979 1687 sesquipotticem
997 1650 1149 1683 metientia,
1164 1649 1361 1684 angustissima,
1383 1649 1426 1675 vix
1438 1649 1534 1676 lincam
1547 1648 1599 1675 lata
1614 1669 1620 1681 ,
1634 1648 1752 1682 margine
1767 1646 1953 1680 irregulariter
1967 1645 2157 1681 profundeque
2172 1645 2237 1672 (1ch

515 1700 734 1735 tato-spinulosa,
747 1699 804 1725 basi
816 1699 925 1734 obliqua
937 1721 942 1726 .
956 1698 1114 1725 brevissime
1128 1697 1270 1733 petiolata,
1289 1705 1370 1724 nervo
1394 1697 1427 1724 ad
1440 1697 1540 1732 apicem
1555 1699 1661 1723 acutum
1678 1696 1814 1730 integrum
1829 1694 1963 1730 producto
1974 1700 2112 1729 percursa,
2128 1693 2239 1727 insigni-

515 1755 554 1776 ter
568 1748 696 1774 undulata
708 1759 714 1780 3
730 1747 757 1773 in
769 1748 785 1772 b
799 1746 1027 1780 lato-lanceolata,
1040 1746 1176 1779 breviora,
1192 1745 1351 1781 plerumque
1367 1744 1448 1780 duplo
1462 1745 1566 1776 latiora,
1579 1744 1653 1778 apice
1667 1743 1765 1771 obtuso
1779 1742 1885 1777 integro
1895 1742 1936 1769 vel
1949 1741 2046 1776 bifido,
2060 1741 2112 1774 rel,
2126 1749 2239 1776 praeser-

515 1800 562 1824 tim
575 1798 601 1823 in
617 1795 790 1823 interioribus
800 1816 807 1830 ,
821 1794 992 1830 pinnatifido,
1009 1794 1065 1821 basi
1079 1794 1107 1821 in
1123 1794 1254 1829 petiolum
1274 1794 1461 1821 brevissimum
1473 1796 1646 1828 coangustata
1658 1813 1664 1825 ‚
1678 1791 1780 1827 petiole
1793 1790 1920 1826 utrinque
1941 1789 2136 1824 alato-spinoso
2148 1809 2154 1819 ‚
2170 1796 2239 1815 sum-

515 1847 621 1880 moper(¹
636 1843 896 1878 nudulum-crispata
907 1864 914 1878 ‚
928 1844 1055 1870 caeterum
1071 1842 1180 1869 illorum
1203 1843 1299 1878 prioris
1320 1841 1452 1869 varietatis
1470 1849 1525 1868 non
1540 1839 1687 1867 dissimilia.
1707 1839 1864 1867 Vesicum
1877 1858 1884 1873 ,
1898 1841 1927 1864 ut
1943 1837 2026 1871 huius
2040 1835 2114 1871 Algae
2131 1836 2239 1870 reliquae

515 1898 603 1927 partes
617 1914 621 1922 ,
636 1900 749 1919 numero
762 1913 767 1922 ,
792 1892 845 1918 situ
859 1913 864 1924 ,
888 1892 974 1918 forma
986 1914 992 1924 ,
1012 1890 1202 1926 magnitudine
1214 1891 1328 1917 maxime
1344 1889 1493 1916 variabiles
1516 1887 1671 1923 Aliquando
1686 1890 1713 1914 et
1734 1886 1813 1922 plane
1826 1885 1938 1913 desunt.
1965 1883 2086 1911 Subinde
2107 1888 2238 1919 apparent

516 1941 652 1968 rarissimae
667 1941 737 1966 inter
757 1939 819 1966 folia
831 1939 950 1967 occultae.
971 1939 1045 1966 Alias
1057 1960 1063 1972 ‚
1080 1938 1153 1974 quod
1168 1938 1196 1965 in
1208 1938 1299 1974 paucis
1315 1937 1455 1965 observare
1476 1937 1551 1963 licuit
1569 1934 1784 1971 exemplaribus,
1802 1934 1829 1960 in
1852 1936 1930 1969 parte
1949 1932 2033 1959 caulis
2053 1933 2178 1966 suprema
2194 1931 2238 1958 tali

515 1989 590 2023 copia
611 1992 747 2022 congesta}
768 1991 930 2017 occurrunt,
956 1992 986 2013 ut
1005 1986 1069 2012 ribis
1083 1994 1217 2013 racemum
1239 1985 1364 2012 referant.
1388 1985 1467 2016 Haec,
1482 1984 1504 2010 si
1517 1985 1578 2010 vero
1592 1983 1705 2015 adsunt,
1729 1982 1882 2017 sphaericae.
1900 1980 1987 2006 Vicioe
2000 1980 2097 2005 sativae
2118 1979 2161 2005 vel
2181 1979 2241 2004 Pisi

516 2037 627 2062 minor-ii
643 2035 751 2062 seminis
765 2034 950 2069 magnitudine
965 2057 969 2063 ,
985 2035 1080 2068 smptus
1094 2034 1122 2061 in
1140 2033 1225 2061 axillis
1243 2033 1368 2061 foliorum
1385 2033 1455 2066 sitae,
1469 2032 1522 2059 illis
1534 2036 1623 2059 autem
1640 2030 1831 2058 deficientibus
1841 2051 1849 2064 ‚
1864 2037 1896 2055 ex
1909 2029 1967 2063 ipso
1981 2027 2085 2055 ramulo
2099 2026 2219 2054 oriundae
2234 2048 2237 2052 .

515 2090 539 2111 et
555 2090 619 2110 tunc
634 2084 726 2117 tricem
742 2082 799 2109 folii
814 2084 949 2116 gerentes)
964 2089 1096 2108 racemum
1113 2080 1345 2116 receptaculorum
1356 2080 1412 2107 basi
1426 2079 1566 2107 fulcientes
1579 2101 1585 2112 ‚
1602 2083 1629 2106 et
1644 2079 1705 2114 ipsae
1719 2078 1820 2113 petiolo
1831 2077 1927 2113 plano,
1939 2079 1990 2103 2-5
2004 2076 2051 2102 lin.
2068 2076 2159 2110 longo,
2176 2082 2238 2101 ner—

516 2139 578 2158 voso
589 2153 596 2165 ‚
610 2131 674 2158 hinc
688 2130 798 2157 dentato
812 2151 818 2162 ,
832 2129 969 2156 interdum
984 2129 1040 2155 basi
1058 2128 1113 2163 ipsa
1126 2128 1195 2161 folii,
1210 2128 1284 2163 apice
1300 2128 1340 2154 vel
1354 2127 1444 2154 medio
1456 2128 1538 2154 instar
1555 2127 1647 2154 vesicae
1660 2126 1757 2157 inflati,
1774 2125 1860 2156 fultae,
1875 2125 1938 2152 hinc
1952 2128 1998 2151 aut
2014 2123 2172 2150 normaliter
2185 2131 2241 2148 mn-

517 2180 572 2205 ticae
586 2200 592 2211 ,
606 2183 650 2205 aut
663 2178 747 2205 rarius
761 2185 900 2207 mucrone,
915 2182 961 2203 aut
982 2176 1088 2203 tandem
1108 2176 1243 2203 rarissime
1256 2178 1301 2209 (ut
1315 2177 1342 2203 in
1355 2186 1372 2202 a
1386 2177 1397 2188 *
1412 2177 1570 2210 praesertim)
1585 2174 1738 2202 summitate
1756 2173 1813 2201 folii
1830 2173 1956 2208 producti
1969 2171 2100 2198 trilineari
2117 2170 2241 2197 dentata—

516 2235 567 2261 que
590 2230 733 2254 coronatae.
756 2226 893 2252 Fnocrus
906 2244 912 2255 ‚
937 2224 1075 2259 hucusque
1098 2224 1165 2251 male
1186 2229 1269 2250 notus
1282 2244 1288 2253 ‚
1311 2226 1325 2250 e
1346 2224 1569 2251 Recspncuus
1591 2226 1695 2250 const-it
1719 2222 1823 2257 exiguis
1835 2242 1842 2256 ,
1867 2220 2013 2247 linearibus
2026 2239 2032 2250 ,
2057 2218 2222 2245 brexissirnis
2233 2239 2239 2249 ,

517 2275 674 2304 racemosis,
690 2274 787 2301 lineam
800 2273 990 2308 sesquilineam
1005 2272 1093 2307 longis
1106 2294 1111 2303 ‚
1126 2273 1200 2308 apice
1213 2272 1333 2302 furcatis,
1349 2272 1474 2299 torulosis
1486 2293 1492 2305 ,
1507 2271 1659 2298 tenuissime
1672 2270 1821 2306 spinulosis
1832 2291 1840 2303 ,
1854 2270 1966 2304 perraro
1980 2268 2098 2299 levibus,
2116 2267 2142 2292 in
2155 2265 2241 2292 axillis

516 2324 641 2350 foliorum
654 2345 660 2356 ,
674 2323 716 2350 vel
735 2324 819 2358 prope
833 2322 909 2349 basin
929 2321 1091 2357 petiolorum
1106 2320 1283 2347 vesicularum
1308 2320 1401 2354 positis
1412 2341 1418 2353 ,
1434 2320 1463 2346 in
1476 2323 1551 2355 parte
1570 2319 1660 2346 infima
1676 2317 1841 2346 ramulorum
1860 2318 1927 2352 saepe
1947 2315 2083 2350 congestis
2097 2334 2103 2346 ,
2117 2316 2222 2341 sursum
2232 2329 2243 2332 -

518 2373 673 2405 ‹lut-sensim
684 2370 903 2406 simplicioribus,
916 2369 949 2397 ad
960 2370 1066 2396 unicam
1080 2368 1187 2395 tandem
1199 2368 1340 2401 siliculam,
1350 2367 1423 2402 apice
1435 2368 1576 2401 bifurcam,
1588 2367 1782 2403 gongyliferam
1790 2365 1917 2392 reductis.
1932 2365 2032 2391 COLon
2045 2363 2127 2390 caulis
2139 2362 2240 2396 nigros

519 2426 591 2451 cens,
606 2419 731 2445 foliorum
746 2418 774 2445 in
788 2417 947 2453 quibusdam
962 2416 1155 2452 speciminibus
1170 2424 1222 2443 var.
1247 2426 1265 2441 a
1279 2417 1293 2441 e
1304 2414 1382 2442 viridi
1396 2414 1618 2442 olivaceo-fuscus
1631 2435 1636 2447 ,
1651 2415 1814 2447 autfuscus,
1826 2413 1945 2440 siccitate
1959 2412 2114 2446 nigrescens
2126 2431 2131 2439 ,
2146 2410 2173 2435 in
2187 2417 2241 2435 var.

520 2468 536 2493 Ι)
551 2468 786 2495 fusco-brunnens.

553 2528 616 2553 Oss.
635 2529 702 2552 Dans
718 2531 782 2553 cette
796 2529 898 2559 longue,
914 2528 1046 2559 peut-etre
1062 2528 1143 2552 meme
1165 2531 1220 2558 trop
1238 2528 1327 2557 longue
1343 2525 1513 2555 description,
1530 2527 1574 2555 j'ai
1587 2526 1657 2549 tache
1668 2525 1698 2548 dc
1717 2523 1868 2548 rassembler
1884 2525 1908 2546 et
1922 2522 1952 2544 de
1964 2523 2057 2544 mettre
2077 2526 2106 2543 en
2125 2519 2198 2543 relies
2209 2520 2243 2542 les

521 2574 666 2604 principaux
678 2573 819 2598 caracteres
833 2575 863 2598 de
879 2575 978 2604 l'Algue
992 2581 1022 2598 en
1040 2573 1164 2604 question.
1179 2571 1220 2596 On
1235 2579 1248 2602 y
1270 2575 1388 2596 trouvera
1410 2577 1441 2594 au
1457 2572 1523 2593 reste
1539 2576 1588 2593 une
1602 2569 1717 2593 nouvelle
1738 2573 1830 2598 preuve
1845 2567 1888 2591 des
1901 2566 2037 2590 variations
2059 2564 2157 2589 inlinies
2180 2571 2242 2588 aux-

520 2621 614 2650 quclles
630 2623 684 2644 sont
698 2621 804 2650 quettes
822 2620 857 2644 les
872 2618 971 2650 especes
983 2620 1016 2643 du
1033 2626 1109 2649 genre
1122 2619 1249 2649 Sargasse.
1271 2617 1311 2643 On
1325 2624 1340 2648 y
1359 2623 1430 2642 verra
1445 2622 1534 2640 encore
1552 2616 1574 2640 le
1590 2621 1638 2645 peu
1652 2615 1681 2638 de
1695 2614 1820 2638 constance
1839 2619 1888 2643 que
1911 2612 1960 2636 l'on
1979 2611 2031 2635 doit
2048 2611 2163 2640 aj0uter,
2181 2616 2243 2640 pour

521 2669 572 2690 leur
589 2666 750 2693 distinction,
767 2673 814 2690 aux
826 2666 948 2696 asperites
959 2666 989 2690 de
1007 2666 1030 2690 la
1043 2665 1110 2696 tige,
1126 2672 1173 2689 aux
1190 2663 1358 2689 bifurcations
1371 2663 1413 2686 des
1431 2661 1541 2688 feuilleS,
1565 2667 1596 2684 au
1614 2659 1704 2690 petiole
1720 2659 1797 2683 etroit
1814 2665 1845 2682 ou
1864 2659 1947 2688 large,
1962 2657 2042 2682 entier
2057 2663 2088 2680 ou
2106 2656 2180 2680 deme
2198 2656 2242 2685 qui

522 2717 590 2741 porte
608 2713 642 2737 les
658 2712 778 2737 vesiculas
789 2731 795 2742 ,
814 2713 828 2736 a
841 2712 911 2736 l'etat
931 2712 1045 2742 mutique
1060 2718 1092 2735 ou
1109 2711 1228 2735 mucrone
1239 2711 1271 2735 de
1282 2709 1403 2735 celles-ci.
1420 2708 1488 2732 Nous
1502 2706 1639 2737 possedons
1650 2713 1681 2730 en
1694 2706 1751 2730 effet
1767 2706 1810 2729 des
1825 2704 1987 2729 echantillons
2002 2702 2034 2727 ou
2049 2703 2098 2726 l'on
2110 2704 2243 2726 rencontrc

521 2765 560 2781 res
579 2759 639 2781 trois
652 2759 835 2782 circonstances
853 2757 962 2781 reunies.
979 2757 1044 2781 Mais
1059 2758 1111 2781 cela
1128 2756 1209 2781 meme
1227 2756 1269 2780 n'a
1283 2755 1335 2780 rien
1354 2753 1397 2784 qui
1411 2754 1482 2777 doive
1495 2752 1660 2782 surprendre,
1675 2753 1695 2775 si
1709 2752 1757 2775 l'on
1773 2753 1887 2775 remonte
1900 2748 1912 2774 a
1923 2748 2037 2779 l'origine
2049 2748 2091 2772 des
2110 2747 2241 2771 vesicules.

523 2804 567 2827 Les
579 2805 668 2828 formes
680 2804 783 2834 qu‘clles
794 2803 907 2828 revetent
919 2807 1048 2828 montrent
1061 2810 1128 2828 assez
1140 2803 1243 2834 qu'elles
1255 2809 1285 2826 nc
1307 2804 1362 2825 sont
1373 2803 1444 2824 autre
1457 2799 1529 2823 chose
1539 2805 1588 2828 que
1599 2798 1642 2821 des
1655 2797 1753 2821 feuilles
1770 2796 1956 2820 transformees.
1974 2795 2008 2819 Le
2021 2796 2125 2824 support
2140 2796 2163 2817 ct
2179 2793 2242 2822 l'ap-

523 2849 624 2878 pendice
641 2850 757 2873 terminal
769 2850 790 2874 lc
804 2852 928 2880 prouvent
939 2847 1037 2880 iusqu'ii
1053 2849 1202 2873 l'evidence.
1215 2847 1303 2880 Quant
1317 2853 1364 2870 aux
1390 2845 1474 2875 epines
1487 2844 1546 2867 dont
1563 2846 1618 2867 sont
1631 2842 1737 2866 berisses
1753 2842 1787 2866 les
1798 2842 1964 2872 receptat-les,
1982 2840 2041 2864 elles
2057 2846 2088 2864 ne
2099 2839 2241 2869 presentent

523 2901 564 2923 pas
581 2901 628 2918 non
646 2896 700 2925 plus
713 2902 762 2919 une
773 2896 830 2920 bien
846 2896 939 2925 grande
958 2895 1041 2924 finiti&
1060 2895 1114 2919 leur
1129 2894 1216 2918 valeur
1228 2892 1360 2922 specifique
1371 2893 1408 2914 est
1431 2890 1494 2913 donc
1506 2889 1572 2912 aussi
1585 2888 1633 2911 fort
1645 2886 1790 2912 incertaine.

556 2939 624 2963 Dans
640 2943 704 2964 cette
716 2939 817 2971 espece,
836 2947 932 2965 comme
949 2941 1010 2965 dans
1027 2941 1155 2968 beaucoup
1169 2938 1294 2966 d'autrcs,
1312 2937 1346 2960 les
1362 2935 1513 2965 receptactes
1524 2934 1676 2958 devicnnent
1694 2932 1810 2956 toruteux
1823 2938 1866 2962 par
1882 2932 1906 2955 la
1927 2930 2005 2955 saillie
2019 2930 2063 2954 des
2076 2930 2167 2954 locutos
2182 2929 2243 2952 dans

524 2985 653 3014 lesquelles
664 2991 688 3009 se
700 2985 805 3010 forment
816 2986 850 3010 les
865 2987 995 3016 sporidics.
1011 2985 1058 3011 Ces
1070 2984 1164 3009 locules
1177 2986 1232 3008 sont
1252 2981 1351 3013 percces
1365 2981 1424 3005 d'un
1439 2986 1497 3009 pore
1509 2985 1576 3004 assez
1598 2978 1688 3009 grand,
1702 2977 1883 3009 parfaitement
1896 2976 2005 3001 arrondi.
2023 2976 2090 3000 Dans
2106 2976 2158 2999 leur
2178 2974 2243 2998 inte*-
