2486 3735
1290 403 1430 449 (60)

955 514 1223 545 REBOULLIA
1253 514 1634 544 HEMISPHAERICA.
1668 515 1772 544 RAnm.

552 597 587 626 R.
601 596 760 625 frondibus
774 595 955 624 dichotomis
969 599 999 621 et
1013 591 1199 620 articulatim
1211 591 1426 620 innovantibus
1440 592 1630 620 extremitate
1646 590 2025 630 emarginato-rotundatis‚
2041 591 2130 628 supra
2147 591 2219 618 viri-

510 647 600 676 dibus
614 648 721 677 subtus
733 647 925 685 margineque
941 643 1022 672 nudo
1036 643 1198 681 purpureis
1209 665 1216 678 ‚
1234 643 1422 682 receptaculo
1433 644 1564 672 femineo
1583 642 1851 682 subquinquelobo
1866 642 1974 671 subtus
1985 641 2070 680 longe
2083 640 2216 670 barbato.

543 700 663 730 Hepatica
672 701 766 728 media,
782 698 890 728 capitulo
904 695 1100 725 hemisphaerico.
1119 694 1192 718 Mich.
1210 695 1269 719 Nov.
1287 696 1358 722 Gen.,
1371 703 1395 726 p.
1408 697 1431 725 3,
1445 699 1463 719 t.
1476 697 1501 725 2,
1519 696 1536 719 l‘.
1550 697 1574 719 2.

544 745 636 770 Lichen
649 745 753 775 pileatus
765 749 854 773 parvus
867 741 930 765 foliis
947 740 1066 765 crenatis.
1083 741 1142 763 Dill.
1154 741 1219 763 Hist.
1232 741 1320 770 Musa,
1332 748 1358 771 p.
1373 743 1430 769 519,
1441 744 1460 765 t.
1479 742 1519 768 75,
1537 740 1555 763 f·
1569 741 1591 762 Ξ.

544 791 651 814 Achiton
663 789 818 819 quadratum,
841 786 918 809 Corda
930 786 954 808 in
969 785 1062 808 Sturm.
1077 786 1113 808 Fl.
1131 786 1223 814 Germ„
1237 792 1263 812 11.
1277 787 1308 809 22
1323 789 1348 811 et
1360 788 1401 815 25,
1419 793 1442 816 p.
1456 788 1498 816 70,
1517 789 1535 809 t.
1554 787 1592 809 19.

542 833 696 858 Mai-chantia
712 830 909 860 hemisphaerica.
929 830 981 852 Lin.
996 830 1039 860 Sp.
1057 830 1106 858 PL,
1120 837 1145 859 p.
1160 830 1233 853 1604.
1252 830 1302 854 DG.
1314 831 1351 855 Fl.
1365 832 1417 860 Fr.,
1438 838 1465 860 ιι,
1485 838 1509 861 p.
1522 831 1580 854 422.
1593 829 1672 853 Hook.
1685 834 1710 852 ez
1728 829 1793 858 Tayl.
1808 829 1882 853 Musc.
1899 830 1974 855 Brut,
1990 836 2013 858 p.
2030 829 2086 852 224.

542 879 665 908 Fegatella
679 874 875 905 hemisphaerica,
890 875 956 905 Tayl.
972 875 996 897 in
1010 875 1061 897 [λη.
1074 874 1172 903 Trans„
1189 881 1255 902 xvu,
1265 876 1290 904 3,
1304 881 1328 905 p.
1347 877 1404 904 383,
1418 878 1436 899 t.
1454 877 1491 903 12,
1512 875 1529 898 f.
1543 876 1568 897 4.

537 922 673 948 Grimaldia
688 921 883 951 hemisphaerica.
898 920 1013 943 Lindenb.
1034 920 1096 949 Περ.
1115 919 1187 949 Eur„
1206 926 1232 950 p.
1247 920 1305 944 106.
1319 921 1414 944 Hiihen.
1429 921 1519 951 Hepat.
1536 921 1629 949 Germ„
1649 926 1673 949 p.
1687 921 1711 942 3.

540 967 667 992 Rebounia
684 966 719 997 (1)
735 964 931 995 hemisphaerica.
952 964 1030 988 Raddi
1043 965 1068 986 in
1086 964 1175 993 Opusc.
1191 964 1284 989 Scieut.
1302 966 1327 988 di
1343 966 1409 994 Bol„
1422 972 1450 996 ιι,
1465 972 1489 995 p.
1502 966 1559 993 357,
1577 971 1602 988 n.
1613 966 1637 987 4.
1654 963 1728 994 (excl.
1742 969 1798 993 syn.
1813 964 1887 989 Web,
1900 967 1924 987 et
1934 964 2027 995 Mohr.)
2041 964 2159 994 Bisclzots,
2178 964 2218 986 Be*

507 1013 582 1036 merli.
597 1013 637 1036 iib.
652 1012 762 1035 Leberm.
775 1011 798 1034 in
813 1010 876 1034 Nov.
890 1010 946 1033 Act,
965 1011 1007 1032 Ac.
1024 1010 1086 1033 Caes.
1105 1009 1162 1032 Nae.
1186 1009 1253 1039 Can,
1271 1017 1336 1039 xvu,
1351 1012 1375 1039 2,
1394 1018 1418 1041 p.
1444 1012 1515 1040 1001,
1534 1013 1553 1033 t.
1572 1010 1614 1039 69,
1632 1010 1649 1033 s.
1667 1012 1687 1033 1.
1717 1009 1778 1033 Nees
1803 1010 1833 1032 ab
1852 1009 1942 1033 Esenh,
1970 1010 2029 1031 Eur.
2048 1010 2166 1034 Leberm.,
2184 1016 2219 1036 ιν,

505 1066 528 1088 p.
546 1059 603 1081 205.
621 1058 653 1080 De
669 1056 736 1080 Nzrs.
754 1055 897 1086 Hep.Ital.,
914 1062 939 1085 p.
954 1056 994 1078 52.

545 1101 616 1130 Vm.
634 1104 657 1139 β.
669 1099 853 1138 Macropoda
867 1098 1004 1128 Morino.
1022 1097 1129 1126 fronde
1140 1097 1325 1136 abbreviata,
1341 1100 1520 1138 pedunculis
1533 1100 1725 1138 longissimis.

544 1154 613 1182 ΗΑΒ.
632 1152 666 1181 In
686 1151 810 1180 Canai-izi
824 1150 951 1187 hujusce
965 1149 1072 1188 speciei
1090 1148 1273 1187 exemplaria
1291 1152 1308 1178 ἐι
1328 1157 1402 1190 typo
1417 1151 1583 1180 recedentia
1598 1158 1627 1179 et
1642 1151 1818 1180 varietatem
1839 1148 2020 1187 pedunculis
2040 1149 2220 1187 longissimis

515 1205 650 1243 (pollices
666 1211 724 1233 tres
739 1201 937 1231 metientibus
949 1202 1117 1240 >insignem
1131 1202 1345 1231 constituentia
1359 1203 1446 1233 clai-r.
1457 1203 1565 1231 Webb.
1580 1210 1610 1231 et
1620 1201 1774 1231 Berthelot
1789 1202 1981 1230 invenerunt.

547 1257 672 1284 D1srn113.
691 1265 776 1284 croc.
792 1255 828 1283 In
843 1255 906 1283 tota
915 1253 1049 1292 Europe,
1064 1255 1080 1281 ὲ
1092 1252 1186 1282 Dani&
1202 1253 1241 1282 ad
1250 1253 1374 1283 ultimos
1390 1254 1484 1283 Italiae
1496 1254 1569 1283 fines
1584 1261 1613 1283 et
1627 1253 1666 1282 ab
1681 1254 1826 1282 Hibernia
1839 1253 1878 1282 ad
1887 1252 2128 1290 Peloponnesum
2142 1253 2221 1281 unde

505 1308 556 1336 cel⁴
577 1308 652 1346 Bory
674 1306 856 1344 exemplaria
870 1305 975 1334 retulit
990 1306 1020 1333 in
1036 1304 1133 1333 insula
1157 1305 1262 1333 leasos
1275 1304 1350 1334 lecta
1361 1328 1368 1340 ,
1383 1305 1422 1334 ad
1436 1307 1681 1344 promontorium
1697 1305 1785 1334 Bonae
1801 1305 1869 1343 Spei
1891 1312 1919 1333 et
1936 1305 1965 1332 in
1980 1305 2115 1332 Americs
2128 1306 2219 1333 meri-

505 1359 617 1388 dionali
633 1358 671 1387 ad
683 1366 794 1387 terram
810 1357 923 1386 nudam
937 1356 983 1385 vel
995 1367 1163 1385 muscosam
1178 1356 1305 1385 habitat.

1118 1475 1420 1532 GRIMALnlA.
1458 1476 1607 1508 RAnnl.

555 1562 833 1594 RECEPTACULUM
854 1569 1032 1593 FEMINEUM
1058 1557 1359 1604 pedunculatum‚
1384 1556 1700 1604 hemisphaer1cum
1725 1568 1807 1592 cum
1836 1557 1993 1592 umbone
2017 1563 2079 1592 aut
2095 1557 2218 1592 subco-

505 1620 625 1655 nicum
642 1645 651 1661 ⁷
683 1618 789 1665 supra
815 1618 852 1653 in
879 1618 979 1653 disco
1001 1617 1215 1665 papillosum
1243 1629 1507 1666 porosumque‚
1529 1618 1603 1653 basi
1626 1617 1752 1653 subtus
1777 1617 1994 1661 decurrens,
2022 1617 2057 1652 in
2083 1616 2218 1652 ambitu

506 1678 825 1725 tri-quadrifidum,
841 1678 1015 1714 tri—tetra·
1034 1678 1100 1726 (ab
1119 1685 1201 1714 ortu
1221 1678 1602 1727 mono—di-)carpum.
1623 1681 1854 1714 PEDUNCULUS
1875 1677 1992 1713 frondi
2012 1678 2216 1715 continuus„

505 1740 577 1775 basi
610 1739 780 1787 apiceque
809 1739 888 1786 plus
917 1739 1036 1775 minus
1063 1738 1518 1786 paleaceo-involucratus.
1552 1742 1754 1775 INVOLUCRA
1773 1743 1826 1773 tot
1852 1745 1938 1784 quot
1962 1738 2033 1773 lobi
2056 1745 2217 1785 recepta-

509 1800 579 1835 culi
599 1807 704 1847 atque
733 1812 779 1835 ex
804 1799 1016 1835 eorumdem
1048 1798 1268 1846 marginibus
1296 1799 1496 1835 extenuatis
1514 1797 1686 1834 continuo
1704 1797 1934 1845 prodeuntia,
1956 1798 2102 1839 brevia,
2120 1811 2218 1834 mar-

509 1861 590 1908 gine
619 1860 778 1908 repanda
792 1887 801 1903 ,
825 1870 1055 1907 monocarpa.
1079 1863 1319 1896 PERIANTHIUM
1343 1859 1494 1895 nullum.
1515 1862 1698 1895 CALYPTRA
1717 1858 1886 1901 obovata‚
1911 1858 2004 1905 stylo
2028 1867 2216 1899 coronata,

505 1921 650 1956 demum
672 1919 820 1955 lobatim
842 1931 1015 1967 rumpens
1037 1919 1286 1967 capsulamque
1319 1919 1457 1955 inferne
1481 1919 1641 1966 cingens.
1676 1922 1832 1955 CAPSULA
1852 1919 2028 1955 involucri
2044 1920 2217 1955 ambitum

504 1981 678 2028 implens,
704 1979 920 2027 conspicua,
950 1980 1159 2016 brevissime
1183 1981 1413 2028 pedicessata,
1442 1980 1605 2028 globosa,
1633 1980 1668 2015 in
1696 1979 1816 2015 medio
1841 1980 2109 2023 circumscissa,
2131 1981 2218 2016 reti—

507 2041 644 2084 culata,
671 2040 847 2087 pedicello
874 2040 1045 2076 immerso
1071 2040 1227 2077 solubili.
1260 2043 1444 2077 ELATERES
1473 2040 1544 2075 cito
1575 2040 1707 2083 soluti,
1735 2039 1860 2086 dispiri
1878 2066 1887 2082 ‚
1918 2040 2076 2076 folliculo
2103 2042 2216 2076 tenui.

512 2104 641 2137 SEMINA
665 2100 902 2136 tuberculata.
924 2104 1110 2137 PISTILLUM
1127 2101 1163 2136 in
1193 2101 1333 2148 singulo
1355 2100 1541 2136 involucro
1557 2113 1687 2144 unum,
1708 2100 1800 2147 stylo
1818 2100 1937 2147 longo.
1964 2104 2218 2138 RECEPTACULA

504 2173 666 2198 nuscum
686 2161 722 2196 in
742 2161 911 2197 distincta
932 2162 1102 2197 eademve
1121 2162 1232 2209 stirpe
1249 2161 1353 2209 juxta
1370 2161 1582 2197 laciniarum
1601 2160 1720 2208 apices
1741 2161 1982 2205 disciformia,
1999 2162 2114 2197 ovalia
2129 2190 2137 2203 ‚
2159 2161 2220 2197 ob*

506 2228 608 2257 ovata
625 2221 885 2265 obcordatave‚
912 2221 1030 2257 frondi
1059 2222 1229 2257 continue
1252 2222 1444 2264 immersa,
1473 2220 1652 2268 papillata.
1674 2223 1881 2257 APPARATUS
1901 2232 2096 2257 GEMMIPAnl
2115 2222 2216 2257 nulli.

510 2285 716 2317 VEGETArio
736 2282 924 2325 frondosa,
940 2294 1059 2318 crassa
1071 2309 1079 2325 ‚
1101 2281 1277 2329 profunde
1293 2281 1527 2317 canaliculata
1540 2308 1550 2325 ,
1572 2281 1776 2317 dichotoma
1793 2288 1829 2317 et
1855 2293 1900 2317 ex
1924 2281 2084 2329 apicibus
2100 2293 2219 2317 emar·

507 2343 632 2389 ginatis
651 2342 866 2378 articulatim
890 2343 1065 2379 innovans
1079 2371 1087 2386 ‚
1111 2342 1300 2391 superficie
1319 2342 1510 2377 confertim
1528 2341 1685 2377 areolata
1712 2348 1748 2377 et
1772 2342 2048 2388 peroso-scabra
2061 2370 2070 2386 ‚
2095 2342 2220 2378 subtus

507 2403 576 2438 alte
595 2402 754 2438 carinata
772 2409 808 2438 et
821 2403 865 2439 ad
885 2404 1066 2451 margines
1086 2404 1197 2451 usque
1215 2401 1428 2438 imbricatim
1449 2402 1696 2449 squammosa,
1725 2402 1885 2437 colorata
1909 2402 2136 2449 squamisque
2155 2415 2220 2438 ex-

510 2462 665 2497 tantibus
683 2462 1027 2512 persistentibusque
1047 2465 1141 2512 saepe
1160 2463 1297 2507 ciliata,
1322 2461 1423 2497 strati
1442 2461 1617 2508 hypopori
1630 2461 1894 2508 dissepimentis
1922 2462 2193 2498 confertissimis
2209 2491 2217 2505 ‚

509 2522 719 2557 cavitatibus
737 2522 931 2559 obstructis
950 2524 1156 2571 lacunisque
1175 2522 1369 2570 hypoporis
1385 2521 1517 2568 parvis.

558 2582 689 2618 Plantae
720 2583 919 2627 terricolae,
952 2584 1174 2628 muscicolae,
1208 2584 1245 2619 in
1282 2581 1455 2618 montosis
1491 2581 1564 2617 tam
1599 2581 1785 2617 altioribus
1813 2581 1919 2629 quam
1950 2583 2219 2620 demissioribus

510 2643 774 2689 provenientes.
802 2645 901 2679 Nees.
923 2645 967 2679 ab
986 2645 1112 2679 Esenb.
1139 2647 1227 2679 Eur.
1251 2645 1404 2679 Leberm.
1426 2653 1481 2685 iv,
1506 2653 1541 2688 p.
1563 2644 1646 2676 221.

985 2751 1256 2781 GRIMALDIA
1288 2749 1584 2780 DICHOTOMA.
1620 2750 1747 2779 RAnm.

551 2827 588 2856 G.
606 2827 780 2856 dichotoma
793 2827 1098 2867 innovationibusque
1113 2827 1324 2857 terminalibus
1335 2837 1520 2856 succrescens
1530 2849 1537 2862 ,
1553 2826 1673 2856 linearis
1683 2850 1690 2863 ‚
1707 2828 1869 2866 depresso-
1879 2830 2073 2859 canaliculata
2085 2852 2092 2865 ,
2105 2830 2220 2858 laciniis

541 2955 577 2986 (1)
588 2955 643 2980 Non
655 2958 737 2979 autem
753 2957 898 2984 Retmusslta,
910 2960 937 2980 ut
949 2957 1058 2981 nonnulli
1076 2956 1205 2988 perperam
1214 2957 1380 2987 scripserunt,
1398 2955 1453 2980 curn
1468 2962 1545 2985 genus
1556 2963 1628 2980 suum
1644 2957 1749 2981 Domino
1761 2958 1853 2983 Reboul
1867 2959 1959 2985 dicavit
1974 2959 2063 2984 Raddi.
