2486 3735
1306 412 1444 456 (64)

552 487 593 516 Hi
601 499 624 515 13.
644 487 689 516 Ad
712 495 821 516 terram
845 489 935 525 supra
960 494 990 516 et
1009 489 1086 515 inter
1109 495 1227 513 muscos
1243 486 1274 514 in
1296 485 1368 515 locis
1386 486 1523 516 humidis
1547 487 1714 516 insularum
1733 488 1959 517 Cananensiuni
1985 489 2229 528 frequentissime

514 541 648 569 inventa.

550 591 679 620 Drsrmu.
693 601 780 620 otoo.
795 591 830 619 In
845 590 964 628 Europa
975 591 991 617 a
1008 589 1118 625 Scotia‚
1131 588 1244 628 Belgio,
1260 596 1290 619 et
1301 590 1462 619 Germania
1474 591 1574 620 media
1593 591 1631 620 ad
1646 593 1780 631 regiones
1793 593 1924 621 maxime
1933 592 2078 621 australes
2089 594 2120 621 in
2129 593 2227 622 Africa

512 643 586 671 circa
597 642 886 671 Juliam-Caesaream
902 640 1053 677 (Roussel),
1069 646 1099 668 et
1115 641 1143 668 111
1156 641 1289 669 America
1305 641 1533 680 septentrionali
1549 642 1687 682 (Schwz),
1703 644 1854 681 caespitose
1869 643 1953 672 vivit.

543 695 604 720 OBs.
619 696 654 720 La
668 696 745 719 forme
756 695 786 719 de
802 695 824 718 la
837 693 922 718 fronde
937 696 962 717 et
978 692 1058 716 meme
1074 693 1135 717 celle
1153 693 1183 717 de
1194 693 1339 719 l'involucre
1356 696 1453 719 varient
1468 695 1709 720 considerablement
1723 696 1785 720 dans
1798 700 1862 721 cette
1877 695 1972 727 espece.
1991 697 2025 720 La
2043 697 2124 721 meme
2146 698 2225 723 tousfe

510 740 625 770 presente
640 740 683 764 des
699 739 799 763 frondes
819 738 917 767 simples
930 740 955 761 et
967 737 1121 767 birurquees‚
1133 737 1262 762 d'etroites
1277 741 1301 763 et
1316 739 1346 763 de
1357 739 1445 770 larges,
1455 741 1604 771 d'allongees
1617 744 1642 765 et
1652 741 1682 765 de
1697 741 1873 768 cuneirormes,
1893 742 1923 766 de
1935 742 2016 766 raides
2030 745 2054 766 et
2068 742 2098 766 de
2110 742 2225 773 ssasques,

510 788 557 809 etc.
569 784 665 809 Toutes
683 786 781 814 portent
797 789 827 807 en
840 783 952 810 dessous‚
966 783 995 806 de
1007 783 1103 813 chaque
1118 783 1173 807 cote
1187 783 1218 807 de
1241 783 1264 807 la
1279 790 1386 809 nervure
1400 792 1432 809 ou
1454 786 1508 810 cote
1531 792 1664 816 moyenne‚
1683 792 1733 810 une
1748 788 1841 818 rangee
1857 787 1888 811 de
1907 794 2022 818 squames
2035 788 2094 811 d’un
2118 794 2227 818 pourpre

509 831 563 854 noir
574 830 617 861 qui
630 829 802 859 s'imbriquent
817 828 891 852 d'une
910 827 1021 853 maniere
1034 828 1089 858 plus
1103 835 1135 852 ou
1145 828 1226 853 moins
1236 830 1329 855 serree.
1343 832 1366 855 A
1377 831 1490 862 l'epoque
1505 831 1535 855 de
1547 832 1569 855 la
1582 831 1701 855 maturite
1713 832 1756 856 des
1770 832 1913 860 seminules,
1928 834 1964 857 les
1974 834 2049 858 bords
2063 834 2093 857 de
2104 834 2127 857 13
2138 833 2226 857 fronde

508 882 533 899 se
554 876 660 905 replient
674 881 705 898 en
720 874 806 898 dessus
819 880 849 898 en
872 880 898 898 se
915 877 1067 899 recouvrant
1079 875 1130 898 l'un
1145 875 1244 904 l'autre,
1264 875 1294 900 de
1310 876 1421 902 maniere
1442 877 1456 902 3
1475 884 1503 902 ce
1518 884 1567 907 que
1584 877 1691 905 celle-ci,
1707 877 1820 901 devenue
1838 878 1994 908 cylindrique
2012 898 2017 907 ‚
2041 886 2071 904 ne
2084 879 2156 903 laisse
2172 879 2227 909 plus

507 921 648 950 apercevoir
659 926 706 950 que
716 919 802 943 sasace
810 920 931 944 ventrale.
948 919 1105 945 L'involucre
1118 923 1155 944 est
1166 920 1377 946 indifferemment
1385 923 1486 947 obovale
1499 923 1531 946 du
1542 921 1664 946 diametre
1676 922 1706 946 de
1720 922 1742 946 la
1757 922 1855 951 fronde,
1864 929 1896 947 ou
1906 923 2117 955 hemispherique‚
2132 928 2156 948 et
2169 924 2225 948 n'en

507 965 637 995 depassant
655 971 697 995 pas
709 964 732 988 le
743 964 842 989 niveau.

539 1010 587 1033 J'ai
597 1010 697 1040 analyse
711 1016 744 1033 un
759 1011 838 1040 grand
853 1011 957 1035 nombre
968 1011 1129 1039 d'indiuidus,
1149 1012 1210 1035 dans
1222 1012 1244 1036 le
1256 1013 1300 1036 but
1316 1013 1346 1037 de
1359 1016 1459 1037 trouver
1474 1014 1509 1037 les
1525 1019 1629 1043 organes
1644 1012 1720 1036 males
1735 1012 1770 1042 (1)
1782 1018 1814 1036 ou
1826 1013 1928 1042 disques
1942 1013 2108 1038 anthei-ireres
2120 1021 2167 1044 que
2180 1016 2224 1043 ja

506 1055 556 1079 1315
572 1055 726 1082 deeouverts,
743 1055 759 1079 il
776 1062 792 1086 y
811 1062 824 1080 3
848 1056 913 1080 deux
937 1063 991 1083 ans,
1010 1064 1052 1080 sur
1065 1057 1108 1081 des
1120 1057 1284 1082 echantillons
1303 1059 1406 1083 chiliens
1419 1059 1494 1083 d'une
1507 1057 1593 1088 espece
1614 1058 1727 1082 nouvelle
1751 1064 1800 1087 que
1821 1058 1857 1082 Μ.
1875 1057 1940 1082 Nees
1962 1061 1987 1082 et
2006 1059 2056 1083 moi
2073 1066 2135 1083 nous
2150 1066 2224 1084 avons

506 1102 617 1125 nommee
632 1101 664 1125 T.
682 1100 788 1132 bifurca.
808 1101 862 1125 Mes
872 1102 1020 1126 recherches
1029 1105 1073 1125 ont
1088 1103 1127 1126 ete
1142 1102 1238 1126 vaines.

909 1221 1005 1258 Trib.
1035 1225 1093 1257 ill.
1122 1224 1585 1260 ANTHOCEROTEAE.
1621 1227 1661 1259 N.
1692 1237 1752 1260 AB.
1782 1228 1821 1259 Ε.

1104 1336 1414 1384 ANTHOCERD
1425 1339 1457 1372 S.
1492 1339 1612 1372 Mlcu.

551 1421 709 1455 CAPSULA
727 1425 875 1465 angusta
897 1419 1140 1467 siliquiformis
1156 1419 1303 1457 bivalvis
1322 1422 1433 1469 usque
1454 1423 1499 1458 ad
1522 1422 1679 1457 medium
1698 1421 1895 1457 ulteriusve
1914 1422 2111 1469 partibilis,
2137 1423 2222 1459 dor—

505 1479 600 1515 salis.
624 1482 855 1516 INVOLUCRUM
873 1479 1081 1516 tubulosum
1101 1487 1309 1517 truncatum
1329 1489 1389 1517 aut
1405 1483 1504 1530 apice
1522 1483 1681 1519 lobatum
1700 1489 1947 1518 erenatumve.
1979 1486 2223 1520 PERIANTHIUM

503 1540 655 1575 nullum.
681 1542 962 1577 RECEPTACULUM
986 1540 1165 1576 seminum
1184 1541 1343 1577 centrale
1356 1542 1509 1579 liberum
1523 1543 1722 1579 setiforme.
1740 1546 1936 1580 ELATERUM
1952 1544 2033 1579 loco
2053 1544 2219 1582 funiculi,

503 1600 731 1646 receptaculo
754 1600 931 1647 impositi,
952 1601 1153 1645 articulati,
1171 1603 1324 1638 contorti
1342 1630 1351 1647 2
1368 1603 1576 1651 geniculati,
1597 1604 1752 1640 tubulosi
1766 1631 1775 1647 ‚
1797 1604 1978 1652 simplices
1997 1605 2053 1640 vel
2073 1605 2219 1640 ramosi.

504 1663 632 1695 SEMINA
649 1660 914 1704 subtetraedra‚
929 1661 1231 1706 submuriculata,
1255 1662 1421 1699 funiculis
1439 1664 1572 1700 innata.
1594 1668 1779 1700 CALYPTRA
1796 1664 1939 1708 conica,
1957 1665 2122 1712 stigmate
2141 1665 2223 1701 sub*

503 1721 615 1756 sessili
628 1748 637 1764 ,
659 1721 797 1756 inferne
816 1733 1003 1769 rumpens.
1017 1714 1107 1759 FLos
1124 1723 1325 1760 monoicus.
1345 1727 1550 1761 MASCULUS:
1575 1726 1737 1761 antherae
1754 1725 1896 1761 sessiles
1925 1725 2112 1761 involucro
2138 1738 2223 1772 eya-

502 1781 661 1816 thiformi
677 1781 824 1817 dentato
842 1782 982 1818 cinctae.
1006 1785 1214 1820 PROPAGULA
1233 1785 1270 1819 in
1295 1784 1412 1832 speeie
1438 1785 1542 1821 unica
1563 1785 1800 1832 probabiliter
1823 1785 2019 1832 gignuntur
2038 1785 2217 1822 radicalia.

502 1841 624 1876 Nuclei
650 1841 861 1877 cellularum
889 1842 1067 1889 granulati
1095 1845 1226 1890 passim
1251 1844 1358 1881 obvii.
1384 1846 1566 1893 Vegetatio
1591 1846 1759 1882 frondosa
1774 1873 1783 1889 ‚
1807 1852 1964 1882 texturae
1990 1846 2107 1882 mollis
2128 1846 2221 1881 vesi—

501 1901 646 1937 culosae.

551 1963 681 1998 Plantae
701 1974 831 1998 annuae
850 1963 887 1998 111
910 1963 1046 1999 limosis
1066 1964 1162 2000 inter
1176 1976 1320 2001 muscos
1339 1973 1375 2001 et
1392 1966 1434 2002 ad
1451 1968 1604 2003 cortices
1622 1968 1791 2004 arborum
1813 1980 1879 2015 per
1898 1976 2014 2004 totum
2040 1975 2219 2003 terrarum

501 2022 627 2058 orbem
646 2022 823 2059 viventes.

970 2109 1297 2142 ANTHOCEROS
1326 2113 1625 2143 PUNCTATUS.
1664 2115 1741 2143 Lm.

539 2186 572 2214 A.
590 2185 698 2215 fronde
712 2187 814 2215 enervi
829 2186 966 2216 circulari
979 2188 1135 2217 turbinata
1145 2211 1152 2224 ‚
1168 2190 1288 2219 sinuata
1300 2189 1477 2219 laciniatave
1491 2213 1498 2227 ‚
1515 2191 1672 2229 superficie
1688 2191 2024 2230 papuloso-reticulatA.

540 2241 564 2275 β.
582 2237 755 2267 Multifidus
774 2250 780 2266 :
794 2238 902 2268 fronde
914 2247 1051 2269 contorto
1060 2257 1070 2263 -
1080 2241 1236 2271 turbinata
1247 2243 1277 2270 in
1291 2249 1393 2271 centro
1407 2243 1546 2271 excavata
1570 2243 1651 2271 tenui
1670 2244 1760 2271 incisa
1773 2266 1780 2279 ,
1794 2242 1911 2272 laciniis
1924 2243 2058 2272 dentatis
2071 2242 2221 2271 lacerove-

500 2289 744 2327 subpinnatifidis
754 2313 761 2327 ,
778 2301 846 2329 caps
853 2291 911 2320 ulis
923 2292 1084 2330 gracilibus
1099 2293 1320 2331 pallidior-ibus.

534 2343 686 2367 Anthoceros
706 2347 849 2373 punctatus.
863 2345 962 2369 Schreb.
976 2346 1063 2376 Spicil.
1084 2347 1120 2370 FI.
1141 2347 1219 2376 Lips„
1238 2353 1261 2376 p.
1282 2348 1336 2369 110.

535 2388 687 2412 Anthoceros
702 2390 849 2414 multifidus.
871 2391 921 2414 Lin.
936 2392 980 2421 Sp.
998 2393 1051 2419 Pl„
1070 2398 1093 2421 p.
1110 2393 1180 2415 1606.

534 2434 688 2458 Anthoceros
703 2438 836 2464 punctatus
850 2432 864 2468 β
879 2436 1028 2461 multifidus.
1043 2437 1175 2467 Schwoeqr.
1193 2437 1304 2464 Prodr..‚
1317 2443 1342 2466 p.
1361 2437 1402 2460 55.
1418 2436 1479 2460 Nees
1493 2438 1523 2460 ab
1542 2438 1631 2462 Esenb.
1651 2438 1711 2461 Eur.
1727 2439 1847 2466 Leberm-,
1861 2445 1897 2467 ιν,
1915 2446 1939 2468 p.
1952 2440 2010 2462 340.

540 2489 565 2507 ιι.
583 2477 749 2516 Crispulus,
765 2479 899 2520 Montag.
914 2481 1055 2519 pusillus,
1067 2482 1253 2517 suberectus‚
1265 2480 1371 2510 fronde
1385 2480 1449 2509 basi
1460 2483 1587 2510 cuneata
1598 2482 1644 2511 vel
1656 2482 1761 2510 lineari
1774 2483 1857 2519 apice
1869 2481 1993 2511 dilatata
2004 2483 2107 2517 incisa,
2122 2482 2221 2510 undu-

500 2530 557 2558 lata
572 2531 796 2569 crispatissima,
810 2533 971 2563 involucro
984 2545 1034 2563 ore
1045 2535 1198 2573 pellucido
1214 2536 1306 2573 prope
1321 2535 1468 2572 margines
1482 2534 1599 2562 frondis
1611 2535 1678 2563 sito.

538 2582 609 2611 ΗΑΒ.
636 2583 824 2622 Exemplaria
847 2587 946 2624 typica
973 2586 1098 2624 hujusce
1117 2588 1224 2625 speciei
1247 2587 1357 2625 caespiti
1384 2587 1548 2614 Lunulam‘ae
1574 2586 1700 2624 vulgaris
1725 2587 1820 2614 mixta
1852 2587 1882 2614 in
1907 2586 1999 2625 sylvis
2022 2587 2159 2625 legerunt
2180 2589 2216 2617 cl.

498 2634 605 2663 Webb.
623 2642 652 2664 et
661 2635 823 2666 Berthelot.
841 2637 887 2666 Ad
904 2644 1015 2667 terram
1031 2640 1061 2667 in
1077 2639 1199 2668 Canai-ia
1216 2640 1391 2668 varietatem
1408 2649 1426 2666 α
1438 2638 1596 2676 insignem,
1613 2637 1712 2666 forsan
1725 2638 1822 2675 specie
1838 2637 2095 2677 distinguendam,
2112 2640 2219 2668 Antho-

498 2688 580 2715 ceron·
591 2689 731 2727 caespilz'lt'o
742 2688 786 2717 De
801 2687 875 2718 Ntrs
887 2689 975 2718 valde
990 2691 1194 2728 accedentem,
1208 2691 1318 2730 reperit
1333 2690 1368 2719 cl.
1383 2689 1566 2728 Despreaux.

536 2738 660 2768 Drs’riun.
671 2750 758 2770 ecoe.
774 2740 832 2770 Per
847 2747 941 2770 totam
954 2742 1109 2781 Europam
1124 2750 1234 2782 praeter
1244 2742 1471 2782 hyperboraeam
1482 2764 1489 2778 ,
1506 2742 1537 2770 in
1551 2741 1618 2770 Asia
1634 2742 1767 2777 minore,
1781 2748 1810 2770 et
1820 2743 1851 2770 in
1865 2743 2002 2771 America
2018 2745 2079 2772 tam
2096 2750 2219 2782 septen-

498 2790 616 2819 trionali
627 2794 720 2829 quam
737 2793 927 2823 meridionali
942 2795 980 2823 ad
991 2802 1102 2824 terram
1118 2796 1244 2825 habitat,
1262 2794 1396 2825 Varietas
1410 2800 1526 2829 autem,
1543 2792 1634 2822 modo
1646 2794 1683 2822 sit
1699 2804 1768 2822 cum
1782 2796 1812 2822 A
1817 2795 1966 2823 'ztlzocerote
1981 2797 2123 2834 coespitz'lio
2135 2795 2218 2824 iden-

498 2843 571 2877 tica,
585 2842 728 2872 Sardiniae
743 2851 772 2873 et
785 2845 916 2875 Canariae
928 2849 1110 2877 communis.

533 2974 569 3001 ll)
592 2973 622 2996 V.
641 2976 689 2997 Des
705 2982 805 3005 oryanes
818 2977 893 3000 males
910 2978 942 3000 du
964 2978 1099 3008 Τανῃίοηία,
1117 2982 1175 3007 εἶα,
1193 2985 1236 3008 par
1256 2978 1282 3001 C.
1296 2979 1440 3007 Momayne,
1455 2978 1515 3000 dans
1526 2978 1559 3000 les
1573 2977 1635 3000 Αηη.
1651 2977 1689 3000 Se.
1709 2978 1775 3006 Nati,
1790 2980 1816 3001 ⁶2<
1828 2980 1872 3001 ςέν.
1890 2980 1991 3002 Ii‘olan.v
2008 2981 2025 3001 1.
2038 2985 2073 3002 ix.
2088 2985 2111 3007 p.
2128 2979 2180 3001 100.
