2486 3735
1076 480 1213 523 (51)

324 554 404 579 Dese.
420 555 522 580 CAULis
533 553 696 587 explanatus,
710 552 822 585 rigidus,
837 552 959 583 uncialis,
975 552 1092 586 longior,
1106 554 1269 580 semilineam
1284 553 1562 586 tatu5‚tuteo-vi1·idis‚
1577 553 1689 588 simplex
1704 553 1744 579 vel
1757 554 1910 580 innovando
1925 554 1990 580 sul»-

289 608 415 626 ramosus.
430 601 545 634 RAMUs,
559 599 605 625 ubi
618 598 702 631 adest,
717 597 789 632 quod
803 599 936 625 rarissime
947 598 985 631 fit,
998 601 1012 624 e
1027 599 1109 625 caulis
1130 604 1223 626 ventre
1237 601 1306 627 inter
1319 600 1505 636 amphigastria
1525 600 1704 636 progignitur.
1721 601 1811 627 F0L1A
1826 600 1882 626 laxe
1897 608 1991 627 succus

288 647 472 673 Iso-imbricata
489 646 620 681 opposita,
639 646 680 672 vel
693 645 874 680 suboppostta,
890 645 1077 680 horizontalia‚
1088 647 1233 681 explanata,
1252 648 1354 682 integra
1368 652 1394 674 et
1410 648 1595 682 integerrima,
1611 650 1685 683 aeque
1700 655 1729 674 ac
1749 647 1775 674 in
1796 648 1873 674 variis
1890 648 1995 682 generis

290 694 470 729 Plagt'ochiloe
482 693 622 728 speciebus
637 693 818 727 triangularia,
830 693 904 728 apice
917 693 1062 719 rotundata
1074 698 1100 720 et
1116 702 1176 720 cum
1190 696 1380 729 ainpliigastrio
1392 696 1514 730 proximo
1524 700 1647 723 connata.
1664 696 1684 722 E
1699 695 1863 729 marginibus
1876 695 1934 722 folii
1948 703 1995 722 an-

290 743 371 768 terior
384 741 416 768 ad
435 741 656 776 perpendiculum
670 741 698 767 in
713 741 824 773 caulem,
844 741 976 776 posterior
991 743 1052 767 vero
1065 741 1173 776 oblique
1193 742 1301 775 incidit3
1318 744 1439 770 internus
1449 743 1555 771 tandem
1573 745 1586 769 e
1605 744 1687 770 latere
1705 743 1816 769 ventrali
1829 742 1863 769 ad
1878 742 1996 770 medium

290 789 398 816 dorsum
410 788 527 823 ejusdem
543 789 649 815 sinuose
665 788 782 815 insertus
796 792 836 815 est
848 788 1058 823 decurrensque.
1073 788 1265 816 RETlsareolae
1277 790 1370 817 mediae
1384 790 1576 825 magnitudinis
1586 790 1739 824 hexagonae,
1754 790 1831 816 lineis
1844 790 1998 825 duplicibus

290 835 410 861 discretis
423 835 585 870 tenerrimis,
610 835 716 861 materia
729 835 943 870 chlorophyllina
952 835 1095 869 granutosa
1109 836 1223 869 replet-1¹.
1247 839 1266 863 A
1273 845 1467 864 MPfflGASTRtA
1481 838 1551 864 varia
1563 838 1685 872 varieque
1700 837 1792 870 incisa,
1808 837 1995 871 circumscrip-

290 883 362 909 tione
378 886 464 908 autem
487 882 582 917 saepius
598 886 690 917 ovata,
709 883 783 916 apice
802 883 906 916 integro
919 886 995 909 acuta
1010 882 1051 909 vel
1062 882 1135 909 brevi
1149 888 1232 910 tractu
1245 885 1387 920 subbifida,
1402 885 1503 911 laciniis
1513 885 1705 919 approximatis
1719 906 1725 917 ,
1745 885 1847 911 ambitu
1862 883 1998 919 profunde

289 934 334 956 aut
346 930 464 956 breviter
477 929 595 963 dentata,
611 920 671 956 raro
684 929 817 962 laciniata,
833 929 1047 964 patulo-reflexa,
1063 930 1158 957 subtus
1172 931 1205 957 ad
1221 932 1305 959 basim
1319 932 1476 959 fasciculum
1490 932 1609 959 radicum
1624 933 1787 967 promentia,
1799 940 1859 959 cum
1873 931 1999 966 proximis

289 977 359 1004 foliis
378 978 505 1011 utrinque
519 977 689 1004 cohaerentia.
709 978 941 1004 PenrANTfflum...

324 1025 386 1049 Oris.
405 1025 476 1050 Cette
487 1026 696 1056 Jongerinanniee
712 1033 750 1050 me
768 1027 850 1056 parait
863 1025 979 1050 distincte
995 1026 1025 1050 de
1046 1028 1127 1049 toutes
1145 1026 1217 1050 celles
1232 1028 1274 1056 qui
1291 1030 1334 1050 ont
1356 1027 1395 1050 ete
1409 1026 1519 1056 publiees
1541 1026 1668 1057 jusqu'ici.
1685 1026 1843 1058 Quoiqu'elle
1857 1027 1945 1051 n'ofl're
1958 1033 2002 1056 pas

291 1071 371 1095 meme
381 1072 411 1095 de
425 1072 563 1101 perianthe,
584 1077 627 1095 son
639 1074 703 1101 port,
718 1078 744 1095 sa
760 1070 933 1100 ramffication,
946 1072 971 1094 et
987 1070 1118 1100 beaucoup
1133 1070 1241 1094 d'autres
1262 1072 1292 1095 de
1305 1078 1342 1095 ses
1359 1070 1497 1095 caracteres
1509 1075 1565 1096 sont
1582 1072 1602 1095 si
1621 1072 1738 1096 differens
1753 1072 1783 1096 de
1802 1078 1829 1096 ce
1847 1079 1895 1102 que
1911 1073 1935 1101 je
1951 1073 2004 1096 vois

291 1117 352 1140 dans
368 1117 401 1140 les
413 1115 511 1147 especes
526 1123 635 1141 eonnues
649 1117 683 1140 du
694 1116 774 1140 meme
789 1123 875 1146 genre,
885 1116 977 1145 qu'elle
991 1116 1043 1139 doit
1054 1116 1263 1140 neccssaircnieut
1279 1118 1424 1147 appartenir
1435 1115 1448 1141 ὲ
1464 1123 1498 1140 un
1513 1120 1570 1147 type
1588 1117 1689 1147 special.
1712 1117 1783 1141 Deux
1800 1118 1880 1141 seules
1896 1116 2005 1148 especes‚

292 1161 306 1185 a
325 1168 364 1185 ma
377 1161 561 1189 connaissance,
576 1165 620 1186 ont
633 1169 693 1186 avec
710 1163 731 1185 la
745 1162 816 1186 netre
831 1162 937 1192 quelque
959 1164 1062 1191 rapport
1077 1162 1107 1185 de
1128 1162 1325 1191 conformation;
1340 1169 1367 1186 ce
1385 1165 1441 1186 sont
1454 1163 1489 1186 lcs
1505 1164 1701 1193 Junqermamzia
1714 1170 1822 1192 expansa
1840 1164 1868 1186 L.
1887 1166 1912 1187 et
1929 1164 1968 1192 L.‚
1981 1166 2006 1186 et

293 1208 445 1238 Lophocolea
461 1208 606 1238 amphibolia
622 1208 652 1231 N.
666 1208 697 1231 ab
711 1208 741 1231 Ε,
755 1207 790 1231 La
804 1205 937 1237 premiere,
950 1206 1010 1230 dont
1024 1208 1049 1236 je
1064 1206 1117 1229 dois
1133 1213 1167 1229 un
1180 1207 1326 1231 cchautillon
1338 1205 1352 1230 ἐι
1372 1206 1408 1230 Μ.
1426 1207 1564 1236 Lehmann,
1581 1214 1606 1231 se
1619 1207 1744 1237 distingue
1755 1208 1897 1232 facilement
1909 1208 1943 1231 du
1958 1210 2006 1231 Lo-

292 1253 411 1283 phocolea
433 1253 597 1280 Ρνεαιικίιιηα,
625 1260 668 1282 par
681 1259 707 1276 sa
722 1253 896 1283 ramification,
918 1252 941 1275 la
953 1252 1032 1275 forme
1050 1252 1080 1275 de
1097 1258 1135 1275 ses
1146 1252 1241 1275 feuilles
1255 1253 1297 1282 qui
1314 1254 1370 1275 sont
1386 1252 1477 1281 males,
1497 1253 1626 1276 arrondies
1636 1259 1667 1276 ou
1680 1253 1814 1283 oblongues
1829 1256 1854 1277 et
1868 1253 2006 1278 nullement

293 1299 477 1328 triangulaires,
500 1299 560 1323 celle
574 1299 617 1322 des
633 1299 813 1328 amphigastres
828 1301 852 1322 et
865 1304 892 1322 sa
905 1297 1016 1321 couleur.
1028 1298 1062 1321 Le
1075 1298 1101 1321 L.
1115 1297 1272 1327 amphibolia,
1290 1297 1332 1327 qui
1345 1303 1358 1320 a
1375 1303 1438 1326 pour
1455 1303 1592 1327 synonyme
1607 1298 1629 1321 le
1645 1299 1840 1327 szqermanniu
1856 1299 2007 1330 integri-folia

294 1345 320 1366 L.
335 1346 359 1367 et
375 1344 412 1369 L..
426 1346 450 1367 et
461 1344 481 1367 le
493 1345 516 1367 J.
530 1343 697 1374 heterophylla
712 1344 821 1372 Montay.
836 1342 934 1373 (Prodr.
949 1342 1031 1366 Juand
1050 1342 1189 1371 Fernund.)
1206 1343 1291 1366 differe
1306 1342 1372 1366 aussi
1392 1342 1422 1365 de
1437 1341 1541 1372 l'espece
1563 1343 1713 1367 canarienne
1729 1350 1772 1373 par
1789 1350 1815 1368 sa
1830 1344 2004 1373 ramification,

293 1395 337 1418 par
357 1389 378 1412 la
395 1389 474 1413 forme
485 1389 514 1412 de
532 1395 570 1412 ses
583 1389 763 1419 amphigastres
782 1388 826 1420 qui
849 1391 905 1412 sont
922 1394 1028 1419 presque
1043 1387 1222 1417 quadrilateres
1236 1391 1259 1412 et
1274 1387 1387 1415 lacinies,
1410 1390 1434 1411 et
1456 1389 1556 1411 surtout
1574 1394 1648 1417 parce
1663 1389 1737 1417 qu'ils
1757 1395 1787 1412 ne
1805 1389 1939 1414 s'unissent
1959 1397 2007 1420 que

293 1434 350 1457 d'un
361 1434 412 1458 seul
425 1434 479 1458 cote
494 1441 552 1460 avec
568 1434 601 1458 les
616 1434 722 1458 feuilles.

795 1513 1132 1544 EXPLICATION
1165 1514 1249 1543 DES
1286 1513 1503 1542 FIGURES.

336 1607 381 1635 Pl.
393 1607 455 1642 111,
470 1607 517 1645 fig.
532 1608 560 1636 3.
578 1617 595 1634 α
607 1618 632 1634 α.
647 1606 731 1634 Deux
747 1605 903 1634 individus
918 1605 960 1633 du
983 1605 1153 1644 Loplzocolea
1164 1605 1349 1632 Preauxiana
1366 1614 1422 1632 vus
1436 1603 1473 1631 de
1488 1603 1637 1642 grandeur
1659 1604 1819 1633 naturelle.
1835 1605 1851 1632 b
1862 1604 2011 1635 Sommite

296 1659 385 1687 d'une
407 1659 466 1697 tige
489 1659 598 1697 grossie
623 1657 659 1686 14
680 1657 737 1686 fois
751 1664 781 1686 et
799 1667 853 1687 vue
875 1667 911 1686 en
936 1657 1067 1686 dessous.
1082 1668 1097 1684 c
1112 1656 1218 1685 Milieu
1229 1656 1266 1685 de
1275 1655 1409 1684 lameme
1420 1656 1478 1694 tige
1489 1678 1496 1692 ,
1509 1665 1568 1684 vue
1583 1657 1661 1684 aussi
1673 1666 1710 1684 en
1725 1656 1849 1686 dessous
1861 1664 1891 1686 et
1902 1660 2011 1696 grossie

298 1711 332 1738 18
347 1709 413 1738 sois.
435 1709 518 1738 Cette
540 1710 633 1748 figure
648 1716 766 1738 inontre
782 1709 823 1738 les
837 1709 1053 1748 amphigastres
1067 1716 1096 1738 et
1111 1709 1139 1737 la
1150 1710 1280 1737 maniere
1291 1707 1365 1736 dont
1386 1707 1421 1736 ils
1435 1707 1597 1736 s'unissent
1613 1718 1683 1737 avec
1700 1709 1741 1736 les
1756 1708 1877 1738 seuilles
1891 1710 1929 1739 de
1941 1710 2011 1739 cha-

296 1772 355 1800 que
366 1762 442 1791 cote'.
458 1762 505 1790 On
520 1762 583 1790 voit
595 1763 673 1790 aussi
685 1761 713 1790 la
728 1761 818 1790 touffe
833 1761 870 1790 de
885 1762 998 1790 racines
1013 1762 1065 1800 qui
1080 1762 1142 1789 nait
1160 1771 1198 1789 au
1209 1760 1353 1789 -dessous
1367 1759 1403 1788 de
1418 1759 1483 1788 leur
1499 1760 1656 1789 insertion.
1671 1760 1691 1787 (l
1702 1760 1829 1789 Por-tion
1843 1761 1880 1790 de
1891 1761 2010 1791 l’extre'-

296 1813 371 1842 mite
392 1813 482 1842 d'une
503 1813 607 1842 feuille
622 1820 777 1842 montrant
791 1813 819 1842 la
837 1813 934 1843 forme
949 1813 1000 1843 des
1015 1813 1130 1842 mailles
1146 1823 1186 1841 ou
1201 1812 1253 1841 des
1264 1811 1385 1841 cellules
1399 1811 1442 1840 du
1456 1811 1568 1841 reseau.
1589 1811 1673 1841 Cette
1689 1812 1783 1851 figure
1796 1820 1840 1842 est
1849 1814 1920 1843 faite
1934 1815 1950 1842 a
1970 1826 2009 1843 un

295 1867 519 1903 grossisseinent
531 1865 567 1894 de
584 1865 640 1894 160
651 1865 823 1894 diametres.

1041 1970 1082 2002 B.
1111 1969 1257 2002 Incuboe.

937 2079 1151 2112 RADULA.
1188 2078 1372 2112 DUMORT.

347 2179 592 2211 Pemmrfflum
610 2175 646 2210 in
663 2176 802 2211 ramulo
822 2175 921 2211 brevi
940 2175 1127 2211 terminale
1146 2180 1206 2209 aut
1232 2185 1279 2208 ex
1295 2173 1514 2211 dichotomizi
1540 2175 1756 2219 ascendens,
1778 2182 1985 2212 truncatum
1997 2204 2006 2219 ‚

300 2236 573 2283 integerrimum
587 2263 595 2279 ‚
610 2235 646 2271 in
665 2236 742 2271 aliis
765 2236 988 2283 depressum,
1009 2236 1045 2270 in
1069 2234 1145 2270 aliis
1165 2233 1447 2278 teretiusculum‚
1466 2246 1530 2271 ore
1555 2235 1713 2270 dilatato.
1744 2238 1936 2272 INvonucm
1960 2236 2010 2273 so-

299 2296 344 2331 lia
358 2296 442 2340 duo,
455 2296 664 2343 profondius
675 2296 805 2332 biloba.
827 2300 1009 2333 CALYPTRA
1024 2294 1241 2343 pyrisormis‚
1258 2294 1387 2338 tenuis,
1403 2295 1466 2331 diu
1484 2295 1693 2342 persistens,
1713 2296 1807 2342 stylo
1820 2305 2008 2341 coronata,

300 2356 392 2391 infra
410 2355 582 2391 verticem
598 2367 781 2402 rumpens.
805 2359 959 2392 CAPSULA
977 2355 1089 2391 ovalis
1105 2354 1360 2402 quadripartita
1373 2382 1383 2398 ,
1401 2355 1551 2391 valvulis
1572 2355 1647 2391 basi
1662 2356 1864 2403 conjunctis
1876 2363 2012 2393 erecto-

299 2416 441 2462 patulis.
477 2419 661 2453 ELATERES
690 2416 884 2463 parietibus
917 2415 1149 2452 interioribus
1188 2414 1341 2462 capsulae
1378 2415 1535 2461 undique
1566 2415 1683 2459 affixi,
1713 2415 1849 2463 dispiri.
1881 2419 2009 2453 SEMINA

301 2487 441 2522 magna,
458 2475 614 2522 globosa.
636 2479 773 2513 RAmqu
797 2476 944 2512 masculi
964 2476 1001 2511 in
1025 2475 1150 2512 eadem
1175 2487 1256 2510 eum
1283 2474 1446 2510 femineis
1469 2474 1579 2521 stirpe
1601 2474 1750 2519 breves,
1776 2476 1912 2521 obtusi,
1942 2477 2009 2514 dis-

301 2535 605 2571 ticho-imbricati.
631 2538 739 2571 FomA
759 2547 1005 2572 PEmGoNIALlA
1037 2535 1198 2579 minora,
1225 2534 1300 2570 basi
1323 2533 1529 2577 summata,
1552 2533 1672 2571 lobulo
1693 2536 1843 2571 ventrali
1864 2537 2007 2573 minori.

302 2598 482 2632 ANTuERAE
505 2599 520 2630 1
551 2595 595 2631 ad
626 2598 646 2631 3
673 2595 830 2643 globosae
856 2596 892 2631 in
922 2596 1104 2632 filamento
1133 2595 1244 2631 brevi.
1274 2594 1371 2630 Folia
1392 2594 1542 2639 incnba,
1572 2595 1697 2632 subtus
1722 2595 1842 2632 lobulo
1875 2597 2008 2633 inflexo

302 2656 408 2702 plano
426 2655 520 2691 haud
538 2655 714 2703 profunde
734 2656 902 2692 discreto.
927 2656 1189 2703 Amphigastria
1205 2655 1313 2691 nulla.

351 2716 481 2751 Plantae
499 2715 681 2754 corticolae
694 2742 703 2758 ‚
723 2716 840 2752 rarius
856 2716 1024 2753 saxicotae
1042 2717 1151 2753 totius
1176 2716 1273 2752 orbis
1296 2715 1435 2751 incolae.

802 2838 986 2867 RADULA
1012 2837 1330 2868 COMPLANATA.
1360 2838 1521 2868 Dumonr.

346 2927 381 2955 R.
394 2927 477 2957 caule
486 2932 607 2964 repente
620 2925 780 2963 applanato
794 2928 866 2964 vage
881 2937 1009 2963 ramoso,
1022 2927 1102 2956 soliis
1117 2927 1284 2957 rotundatis
1294 2950 1301 2964 ,
1317 2927 1419 2957 lobulo
1433 2928 1605 2968 quadruplo
1617 2927 1732 2956 minore
1747 2937 1888 2966 appresso
1896 2929 2004 2968 angulo

305 2978 468 3008 rotundato
482 3000 489 3014 ‚
505 2976 674 3016 perianthio
688 2976 857 3015 applanato.

340 3031 537 3061 Jungermannia
554 3030 618 3054 soliis
630 3029 774 3054 circinnatis
787 3029 938 3055 imbricatim
949 3031 1074 3062 dispositis
1086 3038 1114 3056 ex
1131 3031 1203 3056 viridi
1213 3030 1409 3057 flavescentibus.
1424 3032 1495 3056 Mich.
1508 3031 1568 3056 Non.
1580 3033 1651 3065 Ge11.,
1665 3039 1688 3062 p.
1708 3034 1732 3060 7,
1748 3035 1766 3055 t.
1787 3034 1812 3061 5,
1831 3032 1850 3056 {-
1868 3034 1909 3057 21.
