2486 3735
1309 484 1445 530 (26)

555 562 589 591 Ρ.
605 572 731 591 ammes.
744 562 813 592 Var.
833 574 844 590 ε
860 562 999 590 Dicksoni
1013 583 1020 597 ‚
1036 559 1147 589 statura
1166 558 1275 596 pusilla
1285 581 1293 596 ,
1309 560 1393 589 caule
1411 570 1547 598 ramoso,
1565 560 1736 599 pedunculo
1750 560 1835 590 brevi
1854 559 1962 588 folium
1978 559 2026 588 vix
2045 564 2204 596 superante
2218 581 2224 593 ‚

514 613 634 652 capsula
649 613 803 643 subovata.
820 612 900 641 Brid.
918 612 940 642 l.
957 623 996 647 c.,
1009 622 1040 650 p.
1061 612 1125 639 121.

546 667 716 696 Polytrichum
728 666 856 690 Dicksoni.
874 665 946 688 Turn.
963 665 1040 687 Musc.
1056 663 1168 691 Hibera„
1183 668 1207 692 p.
1221 663 1262 692 90,
1279 665 1351 692 t.10,
1367 665 1384 688 f.
1397 666 1420 688 2.
1435 665 1509 696 Enql.
1524 667 1591 691 Boe..
1605 669 1622 689 ι.
1636 667 1710 689 1603.

548 711 637 736 Exslc.
651 712 722 735 Bre‘b.
744 711 852 734 Mousses
867 711 964 738 Norm.,
980 716 1004 732 n.
1025 710 1080 733 180.

553 756 625 784 ΗΑΒ.
640 755 723 784 Hanc
735 755 907 784 varietatem
921 754 1067 792 insignem
1079 752 1115 781 cl.
1129 751 1299 790 Despreaux
1310 754 1425 783 invenit
1436 764 1558 793 quoque
1570 755 1600 783 in
1613 754 1744 783 Canariei.

989 890 1335 921 POLYTRICHUM
1370 891 1546 922 NANUM.
1579 892 1667 921 Sena
1681 903 1729 920 ιεις4

550 996 580 1024 P.
596 995 678 1024 caule
690 994 923 1034 simpliciusculo
938 993 1115 1022 brevissimo
1127 1015 1134 1028 ‚
1150 991 1230 1022 foliis
1244 993 1539 1023 lineari-lanceolatis
1554 993 1770 1022 obtusiusculis
1782 994 1915 1031 margine
1927 1003 2080 1032 nervoque
2093 992 2222 1022 serrula-

512 1049 549 1076 tis
561 1070 568 1084 ⁷
585 1046 756 1086 pedunculo
772 1045 884 1082 tortili,
900 1044 1019 1084 capsula
1035 1043 1224 1073 subi-munda
1240 1044 1285 1074 vel
1299 1045 1453 1075 turbinata
1470 1052 1596 1074 nutante
1607 1068 1614 1081 ‚
1630 1044 1867 1083 auapophysata,
1883 1044 2024 1083 operculo
2040 1046 2055 1073 ὲ
2072 1044 2134 1073 basi
2150 1054 2221 1072 con-

512 1101 583 1130 vexa
599 1098 901 1128 incurvo-rostellato.

543 1154 645 1178 Muscus
660 1152 807 1182 capillaceus
818 1150 907 1177 minor,
920 1150 1031 1179 calyptra
1049 1151 1196 1172 tomentosa.
1211 1149 1282 1173 Vaill.
1297 1150 1350 1174 Boe.
1365 1151 1433 1178 Pur„
1450 1157 1475 1180 p.
1494 1152 1547 1179 151,
1567 1154 1575 1173 ι
1598 1150 1639 1181 26,
1653 1150 1670 1173 s.
1693 1152 1730 1173 15.

541 1198 711 1228 Polytrichum
726 1202 819 1220 nanum
837 1195 942 1225 capsulis
958 1195 1072 1218 rotundis
1083 1194 1204 1224 galerius,
1215 1195 1279 1219 aloes
1292 1195 1350 1220 solio
1362 1203 1411 1220 non
1427 1200 1529 1220 serrato,
1545 1196 1602 1219 Dill.
1622 1196 1686 1217 [list.
1704 1195 1797 1221 Musa,
1813 1201 1836 1224 p.
1847 1195 1904 1217 426.
1927 1197 1944 1217 ι.
1958 1196 1998 1222 55,
2015 1195 2032 1217 s.
2047 1196 2071 1217 6.

540 1243 639 1267 Mnium
653 1240 845 1272 polytrichoides
861 1249 886 1265 α.
904 1241 957 1264 Lin.
975 1240 1019 1269 Sp.
1037 1240 1091 1271 PL,
1110 1247 1134 1270 p.
1155 1241 1228 1264 1576.

539 1288 708 1318 Polytrichum
721 1286 915 1310 subrotundum.
930 1285 1024 1312 Carnis,
1038 1286 1076 1309 Fl.
1096 1285 1172 1309 Lond.
1192 1287 1273 1316 Fasc„
1293 1293 1324 1315 ιι,
1344 1290 1361 1310 ι.
1380 1288 1419 1311 68.
1433 1288 1481 1311 DC.
1500 1287 1535 1310 Fl.
1551 1288 1603 1312 Fr..
1617 1292 1633 1309 11
1647 1305 1652 1315 ,
1670 1292 1694 1315 p.
1711 1286 1768 1309 486.

536 1333 708 1363 Polytriehum
736 1338 838 1355 nanum.
865 1330 963 1355 Schreb-
990 1331 1073 1361 Spicil-
1102 1331 1138 1354 Fl.
1158 1332 1236 1362 Lips„
1259 1339 1284 1362 p.
1301 1335 1340 1356 74.
1367 1333 1451 1356 Heclw.
1468 1332 1541 1355 Muxc.
1561 1332 1662 1359 Froml„
1683 1337 1699 1360 1,
1720 1337 1745 1360 p.
1760 1331 1801 1355 55,
1822 1333 1839 1352 t.
1858 1330 1898 1352 13.
1926 1328 2001 1359 Enyl.
2019 1330 2088 1357 Bot.,
2103 1332 2121 1352 t.
2147 1331 2218 1352 1625.

504 1379 553 1402 DC.
569 1379 605 1400 Fl.
626 1378 680 1406 Fr.,
706 1377 723 1400 l.
737 1383 760 1401 c.
783 1375 862 1400 Hook.
885 1380 907 1399 et
927 1375 992 1406 Tayl.
1011 1375 1086 1399 Musc.
1107 1376 1179 1403 Brit..
1195 1383 1220 1406 p·
1239 1378 1280 1407 50,
1298 1379 1316 1401 t.
1336 1379 1376 1401 11.
1389 1378 1484 1401 Haben.
1502 1379 1579 1401 Musa.
1601 1377 1698 1404 Germ,
1721 1382 1745 1405 p.
1764 1376 1821 1399 524.
1840 1375 1874 1398 De
1893 1373 1959 1398 Ntrs.
1977 1374 2037 1405 Syll.
2059 1374 2136 1397 Mztsc.
2151 1374 2219 1402 Ital„

506 1431 530 1453 p.
546 1424 602 1448 167.

538 1469 628 1493 Exsm.
643 1467 735 1496 Funck,
750 1466 887 1490 Moostach.
897 1484 903 1494 ‚
921 1468 940 1490 2.
954 1467 996 1490 57.
1013 1467 1097 1497 Mouy.
1117 1471 1141 1490 ec
1154 1467 1242 1497 Nestl„
1259 1474 1284 1491 n.
1303 1469 1359 1492 150.
1373 1468 1483 1497 Hohson,
1500 1468 1561 1491 Brit.
1576 1467 1646 1490 Moss.
1661 1486 1666 1495 ‚
1680 1472 1703 1490 v.
1719 1467 1742 1494 1,
1757 1473 1783 1489 n.
1798 1465 1840 1489 20.
1867 1465 2030 1493 Drummond,
2047 1464 2120 1487 Musc.
2137 1466 2218 1493 Scor.y

504 1521 526 1538 v.
540 1516 564 1543 2²,
579 1521 604 1537 n.
618 1515 657 1537 19.
671 1512 735 1535 Bals.
747 1516 770 1535 et
786 1512 821 1535 De
834 1513 900 1535 Ntrs.
913 1512 990 1535 Musc.
1010 1511 1120 1540 Mecliot.,
1137 1518 1162 1535 n.
1180 1513 1220 1536 65.
1241 1513 1310 1536 Breib.
1325 1514 1417 1537 Mouss.
1432 1514 1518 1536 Norm.
1531 1529 1536 1534 .
1553 1519 1577 1536 n.
1590 1514 1632 1535 45.
1649 1512 1762 1534 Desmaz.
1777 1511 1872 1541 Crypt„
1892 1517 1916 1533 n.
1930 1511 1987 1534 739.

540 1560 695 1589 pogonatum
706 1564 810 1582 nanum.
832 1557 888 1581 Pal.
905 1557 996 1581 Βεαιιυ.
1013 1556 1112 1586 Ρνοάν.,
1125 1563 1149 1587 p.
1166 1557 1207 1581 84.
1220 1557 1304 1588 Ejusd.
1319 1559 1389 1581 Me'm.
1401 1560 1458 1582 Soc.
1472 1559 1523 1581 Lin.
1542 1558 1610 1584 Par„
1631 1564 1647 1585 ι,
1667 1560 1684 1580 t.
1702 1559 1741 1583 Η,
1761 1557 1777 1579 Γ.
1797 1557 1821 1580 5.
1840 1555 1935 1587 (mala).
1953 1556 2021 1580 Brid.
2038 1556 2119 1585 Bryol.
2137 1556 2217 1581 univ„

507 1611 538 1633 ιι,
559 1611 582 1634 p.
604 1606 660 1627 117.

547 1649 618 1677 ΗΑΒ.
634 1648 669 1676 In
682 1647 804 1677 Canarizi
815 1649 831 1676 ὲ
843 1647 877 1682 cl.
893 1647 1065 1685 Despreaux
1076 1646 1163 1677 lecta.

544 1700 668 1728 D1srn113.
680 1710 755 1729 croc
779 1698 909 1728 Eosdem
920 1698 982 1727 fere
992 1709 1024 1727 ac
1035 1698 1202 1737 praecedens
1213 1698 1292 1728 locos
1303 1699 1352 1728 hic
1364 1709 1485 1728 muscus
1496 1706 1649 1737 praeamat,
1659 1708 1760 1738 greges
1773 1699 1866 1737 magis
1878 1698 2036 1727 distinctos
2046 1697 2217 1732 efformans,

505 1751 670 1791 eademque
683 1751 960 1789 circumscriptione
972 1750 1165 1789 geographica
1180 1758 1285 1789 praeter
1295 1758 1418 1790 propter
1429 1751 1571 1790 gaudens,

930 1900 1025 1935 Trih.
1054 1903 1111 1935 lV.
1149 1904 1513 1938 BARTRAMIEAE.
1552 1905 1783 1938 SCHWAEGR.

1104 2024 1413 2058 BARTRAMIA.
1452 2026 1600 2058 Hssnw.

555 2125 794 2157 PERISTOMIUM
812 2119 944 2167 duplex
962 2126 1022 2155 aut
1038 2119 1090 2167 (in
1107 2120 1212 2156 unica
1227 2120 1358 2168 specie)
1373 2121 1537 2168 simplex.
1558 2124 1738 2158 Exrssnms
1752 2121 1880 2157 dentes
1898 2121 2056 2157 sedecim
2075 2121 2210 2157 inflexi.

503 2186 667 2219 INTEnlus
695 2180 902 2216 membrana
929 2180 1086 2215 carinata
1114 2180 1149 2215 in
1177 2192 1366 2228 processus
1393 2180 1542 2216 totidem
1562 2181 1719 2228 integros
1736 2181 1887 2224 bifidos,
1909 2181 1999 2217 cnliis
2017 2181 2214 2229 interjectis

503 2244 558 2279 vel
575 2242 682 2278 nullis
694 2269 703 2286 ‚
722 2240 864 2288 partita.
885 2243 1037 2276 CAPSULA
1057 2241 1307 2288 subinaequalis
1326 2253 1461 2276 cernua
1475 2268 1484 2285 ‚
1505 2248 1672 2277 evacuata
1690 2242 1845 2285 sulcata,
1870 2241 2009 2277 orificio
2032 2248 2213 2278 coarctato

504 2302 661 2350 obliquo.
685 2305 915 2338 PEDUNCULUS
934 2300 1052 2336 brevis
1068 2308 1233 2338 arcuatus
1248 2329 1257 2345 ‚
1281 2308 1343 2338 aut
1363 2309 1505 2338 erectus
1524 2302 1675 2350 longior.
1703 2305 1917 2339 OPERCULUM
1935 2302 2214 2338 convexo-coni-

504 2375 586 2399 cum
604 2362 725 2398 breve.
748 2364 930 2398 CALYPTRA
948 2362 1215 2399 cucullisormis.
1236 2365 1364 2398 SEMINA
1383 2362 1518 2398 minuta
1533 2363 1634 2398 laevia
1647 2364 1758 2399 fusca.
1773 2366 1863 2399 FLos
1880 2362 2209 2409 hermaphroditus,

504 2422 691 2459 mouoicus
712 2421 893 2457 dioicusve
907 2447 916 2464 ,
935 2421 1145 2459 ,terminalis
1164 2422 1301 2459 Adsunt
1322 2434 1463 2470 quoque
1478 2449 1487 2466 ‚
1507 2422 1719 2459 observante
1738 2423 2078 2470 Schwaegrichenio,
2105 2423 2213 2459 flores

502 2483 624 2519 diclini
637 2483 673 2518 in
688 2481 817 2518 eodem
834 2481 934 2516 caule
953 2492 1035 2516 cum
1048 2481 1360 2530 hermaphroditis.
1378 2485 1567 2519 MASCULUS
1580 2509 1589 2525 ‚
1610 2484 1647 2518 in
1665 2483 1755 2519 flore
1773 2483 1941 2519 monoico
1956 2483 2118 2519 dioicove
2130 2510 2140 2527 7
2157 2495 2212 2519 ca·

504 2542 731 2591 pituliformis
743 2569 752 2586 ‚
774 2553 819 2577 ex
842 2541 1000 2576 antheris
1023 2553 1086 2577 sex
1101 2543 1144 2578 ad
1165 2542 1354 2578 duodecim
1377 2543 1707 2590 paraphysibusque
1726 2550 1787 2579 aut
1803 2543 1950 2579 clavatis
1963 2549 2025 2579 aut
2039 2543 2212 2579 ssliformi—

504 2604 569 2640 bus
587 2602 783 2639 articulatis
805 2607 984 2637 constans.
1016 2604 1194 2639 FEMINEUS
1215 2608 1334 2638 autem
1353 2602 1372 2637 e
1391 2602 1530 2649 pistillis
1548 2602 1795 2649 paucioribus,
1811 2603 1918 2639 unico
1934 2603 2088 2640 fecundo
2100 2630 2110 2647 ,
2128 2616 2209 2640 cum

502 2662 760 2711 paraphysibus
777 2661 904 2706 maris,
928 2662 1157 2709 compositus.
1178 2665 1269 2699 FLos
1288 2673 1603 2700 HERMAruRomTus
1620 2675 1665 2699 ex.
1679 2663 1839 2699 antheris
1852 2671 2005 2711 quatuor
2016 2664 2060 2700 ad
2079 2664 2211 2701 duode-

501 2725 571 2759 cim
586 2723 794 2771 pistillisque
810 2722 886 2758 fere
896 2722 1045 2758 totidem
1058 2734 1139 2758 cum
1155 2722 1411 2771 paraphysibus
1427 2726 1533 2770 quam
1552 2724 1716 2771 plurimis
1732 2724 1958 2761 filiformibus
1977 2724 2211 2761 multiarticu-

502 2784 583 2820 latis
603 2782 820 2830 compositus
839 2788 905 2817 est.

550 2842 661 2879 Musei
686 2853 863 2890 perennes
893 2841 1005 2877 erecti
1026 2843 1223 2890 caespitosi‚
1252 2849 1403 2886 terram,
1425 2855 1534 2890 rupes
1561 2843 1747 2880 umbrosas
1776 2852 1812 2880 et
1839 2845 2020 2893 sylvarum
2048 2856 2212 2881 recessus

504 2915 604 2939 zonae
629 2907 840 2950 temperatae
870 2908 905 2936 et
929 2901 1065 2949 frigidae
1089 2904 1274 2951 utriusque
1305 2903 1565 2950 hemisphaerii,
1594 2903 1649 2939 vel
1679 2903 1716 2939 in
1751 2904 1957 2952 regionibus
1981 2904 2211 2940 calidioribus

503 2969 642 2999 montes
652 2961 866 2998 editissimos
884 2970 1137 3009 praeamantes,
1150 2964 1206 3001 vel
1224 2963 1366 3000 tandem
1383 2963 1419 2999 in
1434 2963 1512 3000 udis
1529 2964 1796 3012 scaturiginosis
1813 2965 1994 3001 montanis
2012 2965 2209 3012 alpinisquc

504 3024 611 3060 totius
628 3022 725 3059 orbis
743 3022 848 3057 vitam
863 3022 1043 3069 degentes.
