2486 3735
1059 396 1071 440 (
1104 394 1156 433 39
1187 395 1199 440 )

271 465 546 513 capituliformis
564 476 610 500 ex
624 466 784 501 antheris
802 474 956 514 quatuor
968 468 1012 504 ad
1029 469 1185 505 sedecim
1200 470 1529 519 paraphysibusque
1548 472 1703 519 copiosis
1724 474 1910 520 aequaliter
1929 489 1988 511 are

270 525 446 572 ticulatis3
467 537 640 562 FEinNEus
659 526 678 560 ὲ
701 525 844 572 pistillis
863 527 934 563 duo
959 528 1003 563 ad
1027 530 1320 576 quatuordecim,
1341 543 1414 567 uno
1430 531 1600 576 fecundo,
1614 533 1876 580 paraphysibus
1894 546 1989 570 mas-

270 585 361 628 culi,
387 591 604 621 constantes.

319 645 431 681 Musei
449 655 628 692 perennes
648 644 780 692 ubique
799 653 979 682 terrarum
999 647 1035 683 in
1054 649 1152 684 terra
1168 650 1263 686 nuda
1276 677 1285 694 ,
1308 650 1345 686 in
1359 651 1472 695 saxis,
1496 651 1555 687 vix
1573 652 1731 699 unquam
1751 653 1788 688 in
1801 653 1990 690 arboribus

271 705 456 753 caespitose
474 705 529 740 vel
543 704 731 751 sporadic‘e
750 705 922 742 viventes.

708 826 915 856 WEISSIA
937 826 1308 862 VERTICILLATA.
1337 834 1538 864 Scnwffica.

308 915 353 945 W.
370 916 454 945 caule
470 926 588 945 ramoso
603 916 754 955 fastigiato
767 938 774 953 ,
793 916 873 946 soliis
886 916 1221 948 lanceolato-subulatis
1242 921 1620 953 verticillato—fasciculatis
1633 926 1834 954 crassinerviis
1847 949 1854 962 ‚
1869 928 1990 966 capsula

269 968 498 1007 oblongo-ovata
509 990 517 1004 ‚
529 967 672 1007 operculo
687 969 881 998 curvirostro.
1192 999 1197 1004 ,

301 1021 395 1051 Bryum
412 1020 520 1050 pilosum
534 1020 722 1045 verticillatum.
738 1021 797 1045 Dill.
813 1021 878 1045 Hist.
894 1022 981 1051 Musa,
995 1028 1020 1051 p.
1037 1023 1095 1049 574,
1115 1025 1132 1046 t.
1146 1024 1188 1053 47,
1202 1025 1220 1048 s.
1235 1027 1275 1049 33.

301 1066 426 1091 Grimmia
440 1067 598 1090 verticillata.
614 1066 688 1090 Turn.
702 1068 777 1091 Jlusc,
797 1067 908 1095 Hibera,
922 1073 946 1097 p.
959 1069 1001 1091 51.
1018 1067 1091 1099 E719l.
1104 1070 1176 1099 Bon,
1190 1073 1208 1093 t.
1228 1073 1299 1095 1258,

302 1112 412 1135 weissia
423 1111 584 1136 verticiuata.
603 1112 735 1142 Sclzwoeqr.
752 1112 849 1142 suppl„
864 1118 881 1140 1,
898 1111 928 1136 P.
944 1118 961 1140 1,
979 1119 1003 1142 p.
1021 1114 1063 1142 71,
1079 1116 1096 1136 t.
1109 1115 1150 1137 20.
1165 1115 1214 1138 DC.
1232 1117 1269 1139 Η.
1288 1117 1345 1146 Fr.,
1362 1124 1389 1145 ιι,
1402 1125 1426 1148 p.
1444 1119 1500 1142 211.
1514 1120 1593 1144 Hook.
1607 1125 1630 1144 ez
1648 1121 1713 1152 Tayl.
1731 1123 1809 1146 Musc.
1823 1124 1897 1150 Brit..
1909 1130 1932 1153 p⁴
1946 1125 1986 1149 86.

269 1161 285 1180 t.
306 1158 347 1180 15.
362 1157 460 1180 Haben.
481 1157 556 1181 Musc.
567 1158 649 1181 Germ.
660 1175 665 1184 ,
682 1164 706 1188 p.
721 1158 777 1180 147.
791 1158 825 1180 De
840 1158 906 1180 Ntrs.
924 1157 985 1187 Syll.
998 1157 1074 1181 Musc.
1095 1159 1163 1188 Ital„
1179 1167 1203 1191 p,
1218 1161 1274 1185 229,

301 1202 393 1227 Exsm.
408 1203 501 1230 Funck,
515 1203 677 1230 Moestasch.,
694 1206 715 1227 t.
729 1205 753 1227 9.
773 1204 860 1232 Mona.
877 1207 901 1226 et
918 1203 1006 1230 Nestl„
1024 1210 1048 1227 n.
1066 1205 1124 1229 507.
1139 1207 1211 1230 Breb.
1232 1208 1319 1232 Jlouss.
1339 1208 1435 1237 Norm..
1456 1216 1481 1234 n.
1498 1213 1554 1235 115.

301 1247 457 1272 Coscinodon
473 1248 649 1272 verticillatus.
662 1248 732 1272 Brid.
752 1248 839 1277 Bryol.
853 1248 932 1277 univ„
945 1254 963 1275 1,
978 1255 1002 1278 p.
1016 1250 1073 1273 574.

307 1291 381 1320 ΗΔΒ.
407 1291 563 1330 Frequens
582 1292 612 1320 in
632 1290 709 1320 valle
738 1291 874 1330 Tz'rajana
900 1291 1006 1321 iusulae
1029 1293 1161 1323 Canasiae
1180 1295 1231 1324 ubi
1254 1297 1389 1337 legerunt
1408 1298 1494 1328 clarr.
1522 1300 1669 1331 Webbius
1690 1310 1720 1332 et
1737 1302 1895 1333 Berthelot
1913 1311 1942 1333 et
1959 1306 1989 1332 in

269 1343 365 1372 insula
379 1344 463 1373 Ferri
482 1343 536 1372 ubi
550 1345 652 1382 postea
667 1345 684 1372 a
695 1343 732 1372 cl.
749 1342 923 1382 Despreaux
934 1344 1011 1372 circa
1019 1344 1135 1374 fontem
1146 1348 1310 1386 quemdam
1319 1360 1402 1389 aquae
1421 1351 1562 1382 sulfureae
1576 1354 1710 1383 inventa.
1735 1355 1888 1384 Eumdem
1905 1367 1990 1385 mus-

267 1406 339 1425 cum
357 1397 487 1435 caespites
508 1395 685 1424 densissime
708 1402 879 1434 compactos
895 1403 924 1425 et
943 1396 1058 1426 steriles
1077 1398 1285 1430 efformantem
1300 1403 1412 1441 inipso
1431 1411 1544 1434 cratere
1562 1407 1676 1434 summi
1689 1407 1853 1435 cacuminis
1865 1410 1892 1436 el
1905 1409 1988 1436 Pitou

268 1449 380 1477 montis
398 1448 452 1477 alti
470 1448 592 1477 nivariae
607 1449 635 1476 el
649 1449 718 1476 Pico
733 1448 766 1476 de
785 1449 876 1487 Teytle
890 1447 1062 1478 observavit
1073 1449 1217 1481 Webbius
1232 1462 1341 1483 noster.

305 1500 434 1529 DisTniB.
445 1510 533 1530 otoo.
546 1500 581 1528 In
593 1499 720 1538 rupibus
735 1499 888 1538 tophaceis
900 1500 1100 1539 stillantibus,
1110 1503 1148 1532 ad
1159 1511 1268 1534 terrani
1280 1506 1435 1536 calcariam
1445 1508 1654 1547 argillosamve
1664 1511 1756 1539 totius
1764 1509 1904 1549 Europae,
1915 1513 1988 1541 Asia·

268 1554 393 1581 minoris
401 1575 408 1589 ‚
422 1553 524 1582 Africae
537 1552 665 1581 borealis
676 1551 930 1591 occidentalisque
942 1552 1072 1583 habitat.

750 1667 952 1697 WEISSIA
984 1669 1195 1700 AFFINIS.
1229 1672 1344 1702 Hoox.
1368 1681 1398 1703 et
1421 1674 1527 1704 Tin.

305 1756 353 1786 W.
386 1756 557 1785 subacaulis
570 1780 577 1793 ‚
603 1757 685 1786 foliis
705 1759 821 1793 ovans,
854 1758 1130 1798 ovato-oblongisve
1152 1772 1243 1791 nervo
1262 1772 1456 1802 excurrente,
1482 1766 1615 1796 siccitate
1636 1767 1968 1799 bulbaceo-convolutis
1982 1794 1988 1804 ,

265 1808 385 1847 capsula
399 1810 497 1838 erecta
515 1808 642 1848 oblonga
654 1832 661 1845 ,
678 1811 848 1848 peristomii
871 1810 1016 1840 dentibus
1028 1811 1213 1842 brevissimis
1231 1813 1307 1843 albis
1328 1814 1392 1844 basi
1407 1816 1587 1847 membrana
1603 1820 1772 1857 conjunctis
1783 1843 1790 1857 ,
1807 1821 1984 1859 operculo...

299 1861 410 1886 Weissia
423 1862 512 1886 affinis.
526 1863 609 1886 Hook.
621 1868 644 1886 ει
659 1864 726 1893 Tayl.
746 1864 821 1887 Musc.
844 1864 919 1892 Bria,
934 1871 958 1894 p.
978 1867 1018 1894 79,
1033 1869 1051 1889 t.
1073 1868 1112 1889 14.

304 1906 377 1936 Hm.
391 1906 426 1935 In
437 1906 546 1936 eodem
559 1909 676 1946 caespite
691 1918 761 1937 cum
782 1908 968 1937 Trz'clzoslomo
979 1911 1107 1939 mutabili
1117 1910 1193 1940 hanc
1209 1913 1338 1950 speciem
1350 1914 1461 1944 inveni.

304 1957 433 1987 Drs‘rmn.
447 1969 533 1987 οεοῦ.
552 1959 650 1998 Stirps
666 1961 696 1988 in
709 1960 865 1989 Britannia
881 1962 1017 1999 primum
1032 1962 1149 1992 detecta
1159 1986 1166 1998 ‚
1179 1964 1300 1993 nuncin
1312 1965 1398 1994 Italia
1413 1973 1444 1996 et
1455 1966 1552 1996 Gallia
1562 1969 1687 1999 australi
1702 1970 1842 2010 vulgaris.

299 2010 363 2036 Ons.
375 2011 444 2036 Tant
457 2012 532 2042 qu'on
547 2019 577 2036 ne
593 2014 724 2037 connaitra
741 2020 786 2044 pas
802 2014 936 2045 l'opercule
946 2015 976 2039 de
989 2019 1054 2039 cette
1064 2016 1173 2046 Moussc,
1187 2024 1218 2040 on
1229 2024 1259 2041 ne
1270 2024 1363 2048 pourra
1374 2019 1396 2043 {a
1408 2024 1542 2051 rapporter
1555 2022 1656 2052 qu'avec
1672 2023 1748 2048 doute
1765 2031 1798 2049 au
1813 2025 1914 2049 Weissia
1930 2028 1987 2058 affi-

266 2059 311 2081 πίε.
326 2057 360 2081 La
376 2057 523 2087 disposition
538 2058 582 2082 des
594 2059 700 2089 ramnes,
715 2059 768 2083 leur
783 2060 948 2090 crispescence
963 2061 1025 2084 dans
1037 2061 1106 2085 l'etat
1117 2061 1147 2085 de
1160 2061 1252 2091 siccite,
1264 2062 1300 2087 les
1309 2063 1462 2089 dimensions
1473 2066 1602 2098 beaucoup
1614 2068 1670 2098 plus
1684 2069 1792 2098 grandes
1804 2070 1848 2095 des
1863 2071 1987 2096 indii-idus

265 2102 365 2126 doivent
378 2103 463 2127 laisser
479 2103 587 2133 quelque
599 2104 761 2129 incertitude.
783 2105 819 2129 La
835 2106 914 2130 forme
935 2107 977 2130 des
993 2107 1089 2131 feuilles
1105 2110 1128 2131 et
1144 2107 1166 2131 la
1179 2110 1307 2133 structure
1319 2109 1352 2133 du
1364 2110 1500 2140 peristome
1516 2112 1595 2136 m'ont
1613 2120 1674 2144 paru
1692 2115 1727 2139 les
1749 2115 1843 2140 memes
1855 2123 1905 2147 que
1925 2118 1987 2142 dans

266 2148 370 2178 l'espece
387 2155 418 2173 en
433 2148 558 2179 question,
575 2156 632 2179 pres
644 2149 675 2173 de
685 2150 791 2181 laquelle
805 2152 829 2181 ,ie
843 2152 866 2176 la
883 2158 960 2183 range
970 2159 1033 2183 pour
1046 2153 1067 2177 le
1084 2156 1202 2184 moment,
1217 2152 1318 2184 jusqu‘a
1334 2162 1361 2180 ce
1373 2163 1421 2186 que
1439 2157 1482 2182 des
1494 2158 1659 2184 echantinons
1680 2161 1736 2190 plus
1754 2161 1859 2191 parraits
1870 2163 1987 2187 decident

264 2195 294 2218 de
308 2195 330 2218 la
345 2195 413 2225 place
424 2195 514 2225 qu'elle
526 2195 578 2218 doit
591 2201 707 2225 occuper.

818 2288 1023 2319 WEISSIA
1056 2290 1304 2323 VIRIDULA.
1333 2294 1430 2326 Bam.

304 2378 372 2407 Var.
389 2381 413 2416 β.
432 2378 465 2406 M
469 2378 588 2407 icrodus
599 2401 606 2414 ‚
623 2378 707 2407 caule
723 2377 901 2407 brevissimo
912 2401 919 2415 ,
935 2378 1016 2408 foliis
1032 2379 1301 2411 lineari-subulatis
1317 2385 1448 2414 siccitate
1463 2387 1776 2420 curbam-convolutis
1786 2414 1793 2426 ,
1809 2391 1982 2430 pedunculo

264 2429 378 2468 pallido
389 2452 396 2466 ⁷
413 2430 533 2468 capsula
548 2430 784 2469 oblongo-ovata
796 2453 803 2467 ,
818 2431 961 2469 operculo
976 2438 1115 2468 rostrato,
1132 2432 1273 2462 dentibus
1287 2436 1455 2473 peristomii
1467 2440 1647 2478 perexiguis.

297 2483 406 2508 Weissia
417 2483 582 2507 mierodonta.
598 2484 682 2507 Hedw.
699 2484 741 2512 Sp.
762 2484 848 2510 Musa,
861 2491 885 2514 p.
900 2485 941 2513 67,
955 2488 973 2509 t.
991 2486 1031 2514 11,
1046 2485 1063 2509 s.
1080 2487 1149 2510 7-12.
1163 2487 1269 2510 Riclzard
1278 2488 1302 2511 in
1312 2489 1383 2513 Mich.
1398 2490 1437 2514 Fl.
1452 2491 1507 2515 Bor.
1525 2492 1617 2521 Amen,
1630 2499 1659 2520 11,
1676 2501 1702 2524 p.
1716 2495 1774 2519 228.

297 2529 406 2553 Weissia
417 2528 526 2553 viridula
540 2528 555 2565 β
567 2528 703 2552 microdus.
722 2529 792 2552 Brirl.
811 2529 895 2557 Bryol.
910 2529 987 2555 univ..
1004 2536 1021 2558 1,
1034 2537 1060 2560 p.
1076 2532 1133 2554 555.

302 2573 375 2602 ΗΔΒ.
390 2575 423 2602 ln
434 2573 557 2602 canaria
571 2573 651 2602 unde
668 2572 726 2602 sub
741 2574 864 2602 nomine
876 2574 1090 2613 Didymodontis
1104 2577 1246 2604 Bruntom‘
1253 2577 1336 2607 misit
1346 2578 1384 2608 cl.
1397 2580 1579 2620 Despreaux.

303 2624 429 2654 D1snun.
453 2636 540 2655 otoo.
559 2625 594 2654 In
616 2625 733 2664 Europa*
750 2632 780 2655 et
793 2626 929 2655 America
945 2628 1172 2665 septentrionali
1189 2629 1370 2668 jampridem
1391 2633 1514 2663 inventa
1531 2642 1603 2664 erat.
1626 2635 1799 2666 Insularum
1815 2638 1979 2668 Canai-ien-

263 2678 342 2706 sium
357 2678 447 2706 etiam
461 2677 564 2706 incola.
