2486 3735
996 420 1133 464 (75)

263 499 287 531 F
293 497 374 544 ungi
393 497 553 540 carnosi,
582 502 845 542 putrescentes,
868 495 1012 541 stipitati
1030 495 1228 539 ceutrales.
1250 495 1410 531 absolute
1429 499 1637 537 terrestreS‚
1656 493 1751 529 unde
1773 505 1917 530 nomen.

214 556 325 603 (βῶλος
339 556 472 605 ςῖὲῦθ.)

717 651 934 680 BOLETUS
972 651 1217 690 PREAUXII.
1253 653 1417 682 Morino.

252 732 284 760 B.
303 731 381 770 pileo
395 739 526 759 convexo
540 729 769 768 hemisphaerico
783 730 890 759 obtuso
902 740 1026 768 rugum,
1040 730 1140 759 vivide
1157 730 1425 769 rubro-sanguineo
1437 753 1444 767 ‚
1460 731 1563 769 stipite
1575 731 1662 760 firmo
1677 730 1850 759 subsulcato
1863 730 1924 759 basi

214 785 372 812 incrassato
383 781 590 817 viridescenti‚
606 781 723 811 tubulis
736 782 854 811 adnatis
866 781 976 820 amplis
987 781 1077 810 luteis
1092 781 1361 820 rubro-punctatis.

246 835 346 859 Boletus
357 834 526 859 Canai-tensis.
542 836 629 865 Despr.
640 836 663 857 in
677 834 763 858 Seherl.
779 842 835 858 cum
846 835 916 857 icone
926 834 970 857 sub
982 840 1005 857 n.
1022 835 1060 857 19.

253 879 325 908 ΗΑΒ.
339 879 432 916 prope
442 878 555 907 radices
567 879 661 907 Ericce
676 879 794 907 arborem
807 878 845 906 ad
854 884 964 907 terram
980 879 1011 906 in
1024 877 1118 906 insul-4
1132 877 1259 906 Gomera
1274 878 1387 907 detexit
1402 878 1439 908 cl.
1456 878 1638 916 Despre'aux.
1656 891 1680 907 υ.
1697 880 1729 907 ic.
1742 879 1847 908 rudem.

250 931 454 957 Dnsc P1LEus
474 938 627 963 convexus,
650 930 881 965 hemisphaerii-us,
901 930 1030 960 obtusus,
1053 929 1176 964 pollicem
1197 930 1279 966 latus,
1303 938 1349 957 sex
1369 930 1452 957 lineas
1476 930 1560 963 altus,
1581 931 1743 965 rngulosus,
1764 930 1851 958 vivide
1868 939 1926 958 san>

215 978 328 1013 guineus
339 998 347 1012 ‚
368 978 431 1004 hinc
452 977 515 1004 inde
534 978 645 1005 maculis
666 980 782 1005 saturate
798 978 886 1004 rubris
909 977 1054 1004 coloratus.
1070 977 1170 1003 ST1PES
1186 978 1319 1012 polliceris
1333 984 1359 1004 et
1373 978 1490 1013 longior,
1507 981 1557 1004 ‘2-:5
1571 978 1618 1005 lin.
1634 987 1749 1013 crassuS,
1760 979 1817 1006 basi
1832 979 1927 1007 leviter

215 1027 374 1052 incrassatus
387 1026 439 1059 (1),
463 1025 545 1052 sulcis
560 1025 753 1059 irregularibus
774 1024 1009 1060 longitudinaliter
1032 1025 1190 1059 impressus,
1214 1025 1386 1052 viridescenS.
1410 1028 1520 1053 Timum
1539 1025 1630 1053 adnati
1644 1026 1740 1062 ampli,
1758 1027 1906 1054 subremoti
1920 1049 1926 1059 ‚

215 1073 299 1106 lutei,
314 1073 421 1108 punctis
434 1073 505 1108 pileo
518 1073 708 1100 concolorihus
724 1073 854 1108 adspersi.

249 1121 368 1147 Senon-:s
379 1120 469 1146 denuo
492 1119 655 1154 inquirenda
676 1123 706 1146 ut
725 1123 752 1146 et
769 1120 824 1146 fere
844 1126 937 1146 omnes
957 1119 1032 1154 fungi
1054 1120 1278 1154 Despreauxiani,
1300 1121 1344 1148 hic
1358 1122 1461 1148 tantum
1483 1129 1531 1156 pro
1549 1122 1677 1148 memoria
1696 1121 1814 1156 inserta,
1831 1121 1928 1148 Bolelo

215 1168 366 1202 sanquineo
380 1167 500 1202 proxima
514 1170 541 1193 et
555 1167 644 1193 forsan
658 1170 688 1193 ut
701 1166 814 1193 varietas
826 1173 886 1192 cum
906 1173 938 1192 eo
955 1166 1158 1200 conjungenda,
1172 1169 1185 1193 ii
1201 1175 1253 1201 quo
1269 1171 1356 1194 tamen
1374 1168 1465 1203 stipite
1481 1168 1664 1205 subbulboso,
1678 1169 1863 1202 viridescenti,
1881 1173 1926 1195 tu-

215 1214 339 1250 hulisque
354 1215 435 1242 luteis
446 1215 586 1249 punctalis
598 1235 605 1247 ,
622 1222 677 1241 non
691 1217 778 1241 autem
800 1213 920 1240 absolute
934 1213 1182 1240 luteo-aurantiaeis
1195 1214 1299 1241 diversa
1313 1214 1428 1241 videtur.

720 1310 1057 1340 EXPLICATION
1091 1312 1174 1341 DES
1206 1312 1422 1342 FIGURES.

256 1388 299 1417 Pl.
316 1399 358 1424 iv,
375 1389 423 1427 fig.
443 1391 473 1424 1,
488 1389 600 1416 Baletus
612 1388 749 1417 Preauxii
761 1388 797 1417 de
809 1388 958 1427 grandem·
973 1388 1129 1418 naturelle.

864 1506 924 1539 ΡΟ
935 1507 1135 1541 LYPORU
1147 1508 1179 1540 S.
1216 1508 1281 1541 FR.

268 1607 566 1640 HYMENOPHORUM
589 1604 683 1639 inter
711 1614 819 1651 poros
847 1603 883 1638 in
910 1610 1062 1639 tramam
1093 1602 1317 1638 descendens
1347 1602 1408 1638 sed
1439 1613 1522 1638 cum
1549 1602 1685 1638 eisdem
1712 1603 1749 1638 in
1780 1610 1931 1640 stratum

217 1663 403 1710 proprium
417 1655 481 1699 seu
494 1664 652 1700 discolor
669 1670 860 1700 mutatum.
879 1667 962 1700 Pom
982 1665 1063 1699 hinc
1082 1675 1162 1699 cum
1178 1664 1261 1711 pilei
1279 1663 1475 1699 substantie
1487 1663 1668 1711 contigui,
1686 1663 1706 1700 ὲ
1725 1676 1763 1700 se
1777 1664 1932 1700 invicem

218 1723 312 1759 haud
331 1723 567 1771 separabiles,
594 1724 762 1772 primitus
779 1724 930 1760 obsoleti
948 1724 1079 1772 (etiam
1097 1724 1244 1760 omnino
1262 1723 1396 1772 nulli),
1418 1723 1473 1759 vel
1493 1723 1742 1769 minutissimi,
1762 1725 1845 1761 dein
1866 1737 1927 1761 ro—

218 1784 340 1827 tundi,
360 1785 517 1832 angulati
536 1786 592 1821 vel
610 1786 828 1822 laceratione
843 1785 945 1821 varii.
969 1788 1112 1822 BAsmlA
1129 1785 1231 1820 firma
1249 1784 1415 1832 sporidiis
1431 1784 1615 1831 quaternis
1638 1792 1821 1822 coronata.
1846 1789 1931 1822 spo--

218 1856 313 1880 mnu
332 1845 496 1892 elongata
512 1846 690 1893 pedicello
710 1847 879 1882 continua
895 1853 960 1882 aut
980 1847 1222 1894 pleurotropa.

267 1905 378 1953 Fungi
397 1906 504 1950 varii,
529 1906 624 1942 haud
650 1906 871 1954 praeformati
891 1914 927 1943 ut
950 1907 1061 1942 Boleti
1079 1934 1086 1950 ,
1108 1906 1168 1942 sed
1191 1906 1389 1943 successive
1412 1913 1448 1943 et
1467 1906 1650 1943 indefinite
1672 1914 1929 1944 excrescentes

219 1966 331 2002 odore
350 1966 520 2013 primitus
541 1968 692 2004 acidulo.
719 1971 777 2003 Fr.
798 1968 916 2015 Epicr.
943 1980 971 2013 1,
992 1980 1027 2015 p.
1051 1972 1132 2003 4¹27.

619 2090 903 2119 POLYPORUS
928 2091 1156 2129 (Prnunopus)
1190 2090 1405 2121 LUCIDUS.
1426 2093 1524 2122 Lnrss.

258 2167 291 2196 P.
308 2166 388 2205 pileo
399 2166 672 2206 suberoso-lignoso
683 2167 887 2197 ssahelliformi
897 2168 1031 2197 sulcato-
1042 2177 1148 2206 rugoso
1162 2168 1325 2206 stipiteque
1340 2168 1456 2198 laterali
1469 2169 1576 2209 aequali
1588 2169 1705 2198 laccatis
1716 2169 1822 2198 nitidis
1832 2171 1848 2198 e
1859 2170 1936 2199 ssavo

219 2219 542 2257 sanguineo-castaneis
552 2241 559 2255 ,
574 2220 656 2257 poris
667 2219 875 2249 determinatis
889 2219 984 2258 longis
998 2218 1125 2247 minutis
1136 2228 1171 2246 ex
1182 2218 1251 2247 albo
1263 2220 1489 2250 cinnamomeis.
1504 2220 1553 2250 Fr.
1568 2220 1589 2250 l.
1603 2231 1625 2249 c.
1645 2231 1673 2258 p.
1692 2219 1761 2249 442.

259 2269 331 2299 VAR.
345 2280 468 2298 snssrus.
482 2280 558 2308 apus
567 2292 575 2306 ,
592 2269 672 2308 pileo
680 2270 782 2309 amplo
793 2280 928 2301 convexo
940 2270 1137 2299 conchisormi
1148 2293 1156 2307 ‚
1171 2271 1272 2309 stipite
1286 2271 1387 2301 nullo!

253 2322 352 2346 Boletus
364 2322 521 2347 Aurantiaci.
534 2323 619 2353 Despr.
632 2324 656 2346 in
667 2324 754 2347 Sched.

258 2366 332 2394 ΗΑΒ.
350 2367 397 2395 Ad
409 2373 532 2396 truncos
546 2373 680 2397 vetustos
694 2369 767 2397 Cim*
775 2370 918 2397 Aurantii
929 2369 960 2396 in
972 2367 1069 2396 insul&
1081 2367 1203 2396 (lanaria
1215 2367 1319 2397 lectus.
1334 2368 1378 2397 Ex
1386 2368 1502 2407 Algerizi
1513 2369 1606 2397 etiam
1620 2368 1727 2399 habui.
1741 2380 1763 2397 υ.
1779 2380 1801 2398 s.
1817 2371 1887 2398 elic.

252 2418 315 2444 Ons.
334 2418 450 2449 L'espece
462 2418 475 2444 ὲ
488 2420 592 2450 laquelle
603 2422 628 2450 je
644 2423 762 2451 rapporte
772 2428 800 2445 ce
811 2421 933 2451 Polypore
951 2424 988 2445 est
998 2420 1169 2450 cosmopolite,
1190 2424 1214 2445 et
1225 2423 1327 2450 partant
1337 2420 1520 2445 extremement
1533 2421 1652 2446 variable.
1669 2422 1705 2446 Le
1720 2423 1774 2452 plus
1795 2423 1936 2447 ordinaire-

221 2468 288 2489 ment
306 2472 416 2495 pourvue
438 2466 498 2489 d'un
511 2467 575 2496 stipe
589 2466 692 2495 lateral,
715 2467 761 2491 elle
777 2473 808 2491 en
826 2469 863 2491 est
880 2466 1033 2496 quelquesois
1053 2466 1197 2490 totalement
1213 2465 1297 2496 privee
1309 2485 1315 2495 ,
1337 2472 1433 2490 comme
1453 2467 1514 2491 dans
1532 2466 1700 2491 l'echantillon
1721 2474 1770 2498 que
1791 2467 1835 2498 j'ai
1857 2474 1889 2492 en
1908 2474 1935 2492 ce

221 2513 330 2534 moment
347 2517 405 2535 sous
418 2511 453 2535 les
470 2518 533 2541 yeux
545 2520 550 2540 ;
567 2511 677 2535 d'autres
694 2511 739 2536 sois
751 2518 778 2535 ce
790 2511 854 2542 stipe
870 2517 962 2541 occupe
977 2517 1083 2541 presque
1100 2511 1121 2534 le
1132 2513 1217 2535 centre
1228 2511 1261 2534 du
1271 2511 1392 2541 chapeau.
1408 2511 1478 2536 Tous
1495 2513 1529 2536 les
1545 2515 1648 2537 auteurs
1662 2513 1716 2537 sont
1727 2513 1839 2538 mention
1851 2514 1882 2538 de
1893 2520 1934 2538 ees

221 2555 365 2579 variations.
382 2555 418 2580 M.
437 2556 557 2586 Berkeley
579 2556 659 2584 (Arm.
674 2556 765 2588 ofnat.
784 2556 848 2579 Hist.
862 2558 937 2587 Auq„
957 2556 1036 2585 1839,
1058 2563 1082 2586 p.
1101 2556 1176 2587 586.)
1198 2555 1246 2579 cite
1265 2555 1329 2580 deux
1345 2557 1469 2587 exemples
1487 2557 1553 2582 dela
1570 2558 1649 2583 forme
1664 2558 1763 2589 sessile,
1775 2558 1835 2589 qu'il
1847 2565 1862 2582 a
1874 2556 1937 2582 ἐῑέέι

222 2599 301 2624 meme
315 2601 456 2625 d'observer
468 2601 529 2625 dans
540 2601 657 2626 l'herbier
668 2601 699 2626 de
710 2601 744 2626 sir
759 2602 802 2628 W.
818 2602 927 2626 IIooker.

256 2646 324 2670 Nous
333 2646 466 2676 possedons
477 2647 541 2671 deux
555 2647 620 2671 seuls
631 2647 795 2672 echantillons
808 2648 839 2672 de
856 2650 921 2672 cette
939 2648 1043 2673 variete.
1062 2648 1134 2677 L'un,
1158 2646 1295 2677 tres-jeune
1313 2654 1410 2677 encore,
1426 2651 1463 2672 est
1479 2648 1592 2679 dimidie,
1610 2650 1667 2680 long
1684 2649 1744 2673 d'un
1759 2655 1847 2680 pouee,
1866 2649 1935 2680 large

221 2691 279 2714 d'un
295 2697 374 2721 pouce
385 2693 409 2715 et
424 2691 499 2716 demi.
512 2692 548 2716 La
565 2692 685 2723 longueur
698 2693 741 2718 des
757 2700 848 2724 pores,
867 2692 882 2717 ‘a
894 2700 938 2718 son
952 2693 1022 2724 point
1035 2694 1191 2722 d'insertion,
1207 2696 1244 2717 est
1259 2693 1389 2718 d'environ
1409 2696 1424 2719 8
1439 2694 1526 2725 lignes.
1548 2695 1596 2720 Ces
1610 2701 1683 2726 pores
1698 2698 1754 2719 sont
1769 2696 1850 2719 moins
1866 2696 1935 2726 longs

222 2742 276 2759 vers
288 2736 309 2759 le
324 2735 388 2759 bord
404 2736 447 2765 qui
468 2736 507 2760 n'a
522 2743 565 2766 pas
586 2737 641 2767 plus
657 2738 731 2762 d'une
746 2738 812 2768 ligne
828 2738 988 2769 d'epaisseur.
1010 2740 1043 2763 Ils
1059 2741 1114 2763 sont
1126 2738 1201 2769 petits
1217 2742 1242 2763 et
1264 2742 1407 2764 recouverts
1424 2747 1513 2765 encore
1525 2739 1600 2765 d'une
1622 2741 1754 2765 substance
1765 2747 1861 2765 comme
1871 2740 1937 2765 resi-

222 2786 298 2805 neuse
313 2783 338 2804 et
349 2780 408 2804 d'un
429 2787 537 2811 pourpre
554 2781 667 2812 sanguin.
684 2782 785 2807 L'autre
796 2783 956 2814 exemplaire,
972 2783 1083 2808 recueilli
1099 2790 1194 2808 comme
1208 2784 1230 2808 le
1249 2783 1381 2814 precedent
1395 2791 1437 2809 sur
1450 2785 1485 2810 les
1503 2791 1630 2817 orangers,
1645 2789 1683 2810 est
1697 2784 1851 2816 tres-ample,
1863 2787 1937 2811 semi-

257 2927 291 2958 (1)
308 2927 337 2951 Jc
345 2934 376 2952 ne
387 2927 434 2951 sais
450 2934 492 2958 pas
506 2929 526 2952 si
548 2928 596 2952 l'on
615 2935 629 2952 a
644 2928 688 2953 l'ait
707 2930 729 2953 la
747 2936 879 2961 remarque
892 2938 941 2960 que
959 2934 1013 2955 tous
1033 2932 1067 2955 les
1080 2931 1258 2961 champignons
1270 2930 1362 2956 decrils
1376 2931 1494 2962 ,iusqu'ici
1507 2934 1562 2956 sont
1579 2932 1736 2962 representes
1749 2938 1808 2958 avec
1826 2939 1859 2956 un
1877 2931 1941 2963 stipe

228 2972 305 2996 rensse
316 2971 328 2997 ἐι
340 2974 362 2996 la
373 2974 440 2997 base.
