<?xml version="1.0" encoding="UTF-8"?>
<!DOCTYPE html PUBLIC "-//W3C//DTD XHTML 1.0 Transitional//EN"
    "http://www.w3.org/TR/xhtml1/DTD/xhtml1-transitional.dtd">
<html xmlns="http://www.w3.org/1999/xhtml" xml:lang="en" lang="en">
 <head>
  <title>
</title>
<meta http-equiv="Content-Type" content="text/html;charset=utf-8" />
  <meta name='ocr-system' content='tesseract 3.04.00' />
  <meta name='ocr-capabilities' content='ocr_page ocr_carea ocr_par ocr_line ocrx_word'/>
</head>
<body>
  <div class='ocr_page' id='page_1' title='image "./phytographiacana41840webb_0063.png"; bbox 0 0 2486 3735; ppageno 0'>
   <div class='ocr_carea' id='block_1_1' title="bbox 288 512 2018 555">
    <p class='ocr_par' dir='ltr' id='par_1_1' title="bbox 288 512 2018 555">
     <span class='ocr_line' id='line_1_1' title="bbox 288 512 2018 555; baseline -0.001 -10"><span class='ocrx_word' id='word_1_1' title='bbox 288 516 425 545; x_wconf 63' lang='lat' dir='ltr'>Helvetia</span> <span class='ocrx_word' id='word_1_2' title='bbox 440 516 580 555; x_wconf 77' lang='lat' dir='ltr'>(Brawz),</span> <span class='ocrx_word' id='word_1_3' title='bbox 602 516 631 543; x_wconf 90' lang='lat' dir='ltr'>in</span> <span class='ocrx_word' id='word_1_4' title='bbox 644 513 704 542; x_wconf 76' lang='lat' dir='ltr'>sere</span> <span class='ocrx_word' id='word_1_5' title='bbox 721 514 783 542; x_wconf 63' lang='lat' dir='ltr'>tota</span> <span class='ocrx_word' id='word_1_6' title='bbox 798 512 886 541; x_wconf 63' lang='lat' dir='ltr'>Italia</span> <span class='ocrx_word' id='word_1_7' title='bbox 901 520 930 542; x_wconf 88' lang='lat' dir='ltr'>et</span> <span class='ocrx_word' id='word_1_8' title='bbox 955 515 985 542; x_wconf 88' lang='lat' dir='ltr'>in</span> <span class='ocrx_word' id='word_1_9' title='bbox 1009 514 1114 543; x_wconf 87' lang='lat' dir='ltr'>insulis</span> <span class='ocrx_word' id='word_1_10' title='bbox 1136 515 1344 552; x_wconf 79' lang='lat' dir='ltr'>adjacentibus</span> <span class='ocrx_word' id='word_1_11' title='bbox 1363 516 1425 551; x_wconf 83' lang='lat' dir='ltr'>(De</span> <span class='ocrx_word' id='word_1_12' title='bbox 1441 516 1585 551; x_wconf 72' lang='lat' dir='ltr'>Nalm-is),</span> <span class='ocrx_word' id='word_1_13' title='bbox 1604 516 1633 543; x_wconf 86' lang='lat' dir='ltr'>in</span> <span class='ocrx_word' id='word_1_14' title='bbox 1653 514 1769 554; x_wconf 61' lang='lat' dir='ltr'>Algorifi</span> <span class='ocrx_word' id='word_1_15' title='bbox 1789 516 1953 549; x_wconf 58' lang='lat' dir='ltr'>(Rousscl),</span> <span class='ocrx_word' id='word_1_16' title='bbox 1981 518 2018 544; x_wconf 80' lang='lat' dir='ltr'>ad</span> 
     </span>
    </p>
   </div>
   <div class='ocr_carea' id='block_1_2' title="bbox 289 563 1099 605">
    <p class='ocr_par' dir='ltr' id='par_1_2' title="bbox 289 563 1099 605">
     <span class='ocr_line' id='line_1_2' title="bbox 289 563 1099 605; baseline -0.004 -9"><span class='ocrx_word' id='word_1_17' title='bbox 289 567 409 596; x_wconf 74' lang='lat' dir='ltr'>eosdem</span> <span class='ocrx_word' id='word_1_18' title='bbox 425 578 494 596; x_wconf 85' lang='lat' dir='ltr'>cum</span> <span class='ocrx_word' id='word_1_19' title='bbox 507 566 696 605; x_wconf 75' lang='lat' dir='ltr'>praecedente</span> <span class='ocrx_word' id='word_1_20' title='bbox 710 564 791 594; x_wconf 89' lang='lat' dir='ltr'>locos</span> <span class='ocrx_word' id='word_1_21' title='bbox 807 565 956 602; x_wconf 78' lang='lat' dir='ltr'>caespitose</span> <span class='ocrx_word' id='word_1_22' title='bbox 971 563 1099 593; x_wconf 80' lang='lat' dir='ltr'>habitat.</span> 
     </span>
    </p>
   </div>
   <div class='ocr_carea' id='block_1_3' title="bbox 801 690 1493 730">
    <p class='ocr_par' dir='ltr' id='par_1_3' title="bbox 801 690 1493 730">
     <span class='ocr_line' id='line_1_3' title="bbox 801 690 1493 730; baseline 0.004 -5"><span class='ocrx_word' id='word_1_23' title='bbox 801 690 896 726; x_wconf 85' lang='lat' dir='ltr'>Trib.</span> <span class='ocrx_word' id='word_1_24' title='bbox 932 693 1022 726; x_wconf 90' lang='lat' dir='ltr'>Vlll.</span> <span class='ocrx_word' id='word_1_25' title='bbox 1061 694 1359 730; x_wconf 71' lang='lat' dir='ltr'>DJCRAA&#39;EAE.</span> <span class='ocrx_word' id='word_1_26' title='bbox 1394 697 1493 729; x_wconf 74' lang='lat' dir='ltr'>ARN.</span> 
     </span>
    </p>
   </div>
   <div class='ocr_carea' id='block_1_4' title="bbox 916 803 1401 839">
    <p class='ocr_par' dir='ltr' id='par_1_4' title="bbox 916 803 1401 839">
     <span class='ocr_line' id='line_1_4' title="bbox 916 803 1401 839; baseline 0.002 -2"><span class='ocrx_word' id='word_1_27' title='bbox 916 803 1016 837; x_wconf 84' lang='lat' dir='ltr'>CAM</span> <span class='ocrx_word' id='word_1_28' title='bbox 1027 803 1250 838; x_wconf 88' lang='lat' dir='ltr'>PYLOPUS.</span> <span class='ocrx_word' id='word_1_29' title='bbox 1288 806 1401 839; x_wconf 79' lang='lat' dir='ltr'>BRID.</span> 
     </span>
    </p>
   </div>
   <div class='ocr_carea' id='block_1_5' title="bbox 276 899 2006 1496">
    <p class='ocr_par' dir='ltr' id='par_1_5' title="bbox 277 899 2006 1373">
     <span class='ocr_line' id='line_1_5' title="bbox 335 899 2006 950; baseline 0.001 -13"><span class='ocrx_word' id='word_1_30' title='bbox 335 906 577 938; x_wconf 73' lang='lat' dir='ltr'>Pssms‘rOMluM</span> <span class='ocrx_word' id='word_1_31' title='bbox 609 901 774 948; x_wconf 78' lang='lat' dir='ltr'>simplex.</span> <span class='ocrx_word' id='word_1_32' title='bbox 806 903 938 936; x_wconf 83' lang='lat' dir='ltr'>Dentes</span> <span class='ocrx_word' id='word_1_33' title='bbox 967 899 1126 935; x_wconf 80' lang='lat' dir='ltr'>sedecim</span> <span class='ocrx_word' id='word_1_34' title='bbox 1151 899 1247 936; x_wconf 81' lang='lat' dir='ltr'>bifidi</span> <span class='ocrx_word' id='word_1_35' title='bbox 1279 901 1333 936; x_wconf 92' lang='lat' dir='ltr'>vel</span> <span class='ocrx_word' id='word_1_36' title='bbox 1364 900 1528 937; x_wconf 87' lang='lat' dir='ltr'>bifissiles</span> <span class='ocrx_word' id='word_1_37' title='bbox 1547 928 1556 945; x_wconf 84' lang='lat'>‚</span> <span class='ocrx_word' id='word_1_38' title='bbox 1587 902 1755 938; x_wconf 88' lang='lat' dir='ltr'>cruribus</span> <span class='ocrx_word' id='word_1_39' title='bbox 1784 902 2006 950; x_wconf 63' lang='lat' dir='ltr'>aequalibus,</span> 
     </span>
     <span class='ocr_line' id='line_1_6' title="bbox 283 959 2005 1011; baseline 0.001 -14"><span class='ocrx_word' id='word_1_40' title='bbox 283 962 519 1010; x_wconf 73' lang='lat' dir='ltr'>imperl&#39;orati.</span> <span class='ocrx_word' id='word_1_41' title='bbox 551 964 709 998; x_wconf 74' lang='lat' dir='ltr'>CAPSULA</span> <span class='ocrx_word' id='word_1_42' title='bbox 739 960 937 997; x_wconf 88' lang='lat' dir='ltr'>terminalis</span> <span class='ocrx_word' id='word_1_43' title='bbox 965 959 1112 1007; x_wconf 72' lang='lat' dir='ltr'>aequalis</span> <span class='ocrx_word' id='word_1_44' title='bbox 1141 962 1424 1009; x_wconf 79' lang='lat' dir='ltr'>anapophysata,</span> <span class='ocrx_word' id='word_1_45' title='bbox 1455 962 1689 1006; x_wconf 86' lang='lat' dir='ltr'>cxannulata‚</span> <span class='ocrx_word' id='word_1_46' title='bbox 1724 962 1841 999; x_wconf 79' lang='lat' dir='ltr'>rarius</span> <span class='ocrx_word' id='word_1_47' title='bbox 1860 963 2005 1011; x_wconf 83' lang='lat' dir='ltr'>inaequi-</span> 
     </span>
     <span class='ocr_line' id='line_1_7' title="bbox 281 1022 2004 1070; baseline 0.001 -13"><span class='ocrx_word' id='word_1_48' title='bbox 281 1022 391 1058; x_wconf 86' lang='lat' dir='ltr'>latera</span> <span class='ocrx_word' id='word_1_49' title='bbox 404 1049 413 1066; x_wconf 84' lang='grc'>,</span> <span class='ocrx_word' id='word_1_50' title='bbox 434 1022 605 1070; x_wconf 81' lang='lat' dir='ltr'>apophysi</span> <span class='ocrx_word' id='word_1_51' title='bbox 627 1022 749 1069; x_wconf 74' lang='lat' dir='ltr'>spuria</span> <span class='ocrx_word' id='word_1_52' title='bbox 769 1022 955 1057; x_wconf 88' lang='lat' dir='ltr'>instructa.</span> <span class='ocrx_word' id='word_1_53' title='bbox 980 1022 1200 1057; x_wconf 78' lang='lat' dir='ltr'>Pedzmculus</span> <span class='ocrx_word' id='word_1_54' title='bbox 1223 1022 1421 1066; x_wconf 82' lang='lat' dir='ltr'>flexuosus,</span> <span class='ocrx_word' id='word_1_55' title='bbox 1450 1022 1598 1058; x_wconf 90' lang='lat' dir='ltr'>madore</span> <span class='ocrx_word' id='word_1_56' title='bbox 1617 1025 1654 1058; x_wconf 84' lang='lat' dir='ltr'>in</span> <span class='ocrx_word' id='word_1_57' title='bbox 1673 1035 1851 1070; x_wconf 82' lang='lat' dir='ltr'>cygneum</span> <span class='ocrx_word' id='word_1_58' title='bbox 1872 1024 2004 1060; x_wconf 87' lang='lat' dir='ltr'>collum</span> 
     </span>
     <span class='ocr_line' id='line_1_8' title="bbox 282 1081 2003 1130; baseline 0.001 -12"><span class='ocrx_word' id='word_1_59' title='bbox 282 1090 463 1119; x_wconf 86' lang='lat' dir='ltr'>arcuatus.</span> <span class='ocrx_word' id='word_1_60' title='bbox 493 1086 711 1119; x_wconf 80' lang='lat' dir='ltr'>OPERCULUM</span> <span class='ocrx_word' id='word_1_61' title='bbox 730 1082 835 1130; x_wconf 79' lang='lat' dir='ltr'>longe</span> <span class='ocrx_word' id='word_1_62' title='bbox 855 1082 1024 1129; x_wconf 78' lang='lat' dir='ltr'>recteque</span> <span class='ocrx_word' id='word_1_63' title='bbox 1043 1081 1280 1128; x_wconf 85' lang='lat' dir='ltr'>cuspidatum.</span> <span class='ocrx_word' id='word_1_64' title='bbox 1315 1086 1502 1118; x_wconf 80' lang='lat' dir='ltr'><strong>CALYPTRA</strong></span> <span class='ocrx_word' id='word_1_65' title='bbox 1520 1082 1647 1119; x_wconf 89' lang='lat' dir='ltr'>conica</span> <span class='ocrx_word' id='word_1_66' title='bbox 1662 1111 1671 1127; x_wconf 86' lang='grc'>,</span> <span class='ocrx_word' id='word_1_67' title='bbox 1694 1083 1805 1119; x_wconf 89' lang='lat' dir='ltr'>latere</span> <span class='ocrx_word' id='word_1_68' title='bbox 1825 1085 1906 1120; x_wconf 83' lang='lat' dir='ltr'>fissa</span> <span class='ocrx_word' id='word_1_69' title='bbox 1924 1112 1933 1126; x_wconf 84' lang='lat'>‚</span> <span class='ocrx_word' id='word_1_70' title='bbox 1954 1085 2003 1120; x_wconf 74' lang='lat' dir='ltr'>in—</span> 
     </span>
     <span class='ocr_line' id='line_1_9' title="bbox 284 1142 2001 1191; baseline 0.001 -13"><span class='ocrx_word' id='word_1_71' title='bbox 284 1143 429 1180; x_wconf 76' lang='lat' dir='ltr'>terdum</span> <span class='ocrx_word' id='word_1_72' title='bbox 449 1144 511 1180; x_wconf 84' lang='lat' dir='ltr'>sed</span> <span class='ocrx_word' id='word_1_73' title='bbox 534 1144 651 1180; x_wconf 78' lang='lat' dir='ltr'>rarius</span> <span class='ocrx_word' id='word_1_74' title='bbox 670 1143 808 1191; x_wconf 82' lang='lat' dir='ltr'>integra</span> <span class='ocrx_word' id='word_1_75' title='bbox 835 1142 910 1178; x_wconf 88' lang='lat' dir='ltr'>basi</span> <span class='ocrx_word' id='word_1_76' title='bbox 928 1142 1243 1178; x_wconf 72' lang='lat' dir='ltr'>efflato-fimbriata</span> <span class='ocrx_word' id='word_1_77' title='bbox 1261 1143 1482 1178; x_wconf 86' lang='lat' dir='ltr'>laciniatave..</span> <span class='ocrx_word' id='word_1_78' title='bbox 1504 1146 1634 1179; x_wconf 82' lang='lat' dir='ltr'><strong>SEMINA</strong></span> <span class='ocrx_word' id='word_1_79' title='bbox 1661 1143 1800 1180; x_wconf 88' lang='lat' dir='ltr'>minuta</span> <span class='ocrx_word' id='word_1_80' title='bbox 1821 1144 2001 1180; x_wconf 87' lang='lat' dir='ltr'>olivaceo-</span> 
     </span>
     <span class='ocr_line' id='line_1_10' title="bbox 280 1202 1999 1253; baseline 0.001 -14"><span class='ocrx_word' id='word_1_81' title='bbox 280 1204 420 1240; x_wconf 85' lang='lat' dir='ltr'>viridia.</span> <span class='ocrx_word' id='word_1_82' title='bbox 442 1208 534 1241; x_wconf 77' lang='lat' dir='ltr'>FLos</span> <span class='ocrx_word' id='word_1_83' title='bbox 554 1204 705 1240; x_wconf 89' lang='lat' dir='ltr'>dioicus.</span> <span class='ocrx_word' id='word_1_84' title='bbox 728 1207 920 1240; x_wconf 77' lang='lat' dir='ltr'>MASCULUS</span> <span class='ocrx_word' id='word_1_85' title='bbox 938 1202 1198 1250; x_wconf 80' lang='lat' dir='ltr'>gemmiformis</span> <span class='ocrx_word' id='word_1_86' title='bbox 1216 1215 1260 1238; x_wconf 83' lang='lat' dir='ltr'>ex</span> <span class='ocrx_word' id='word_1_87' title='bbox 1281 1204 1442 1239; x_wconf 84' lang='lat' dir='ltr'>antheris</span> <span class='ocrx_word' id='word_1_88' title='bbox 1463 1203 1609 1239; x_wconf 82' lang='lat' dir='ltr'>circiter</span> <span class='ocrx_word' id='word_1_89' title='bbox 1627 1204 1754 1240; x_wconf 91' lang='lat' dir='ltr'>decem</span> <span class='ocrx_word' id='word_1_90' title='bbox 1774 1206 1999 1253; x_wconf 86' lang='lat' dir='ltr'>paraphysis-</span> 
     </span>
     <span class='ocr_line' id='line_1_11' title="bbox 277 1261 2001 1312; baseline 0.001 -12"><span class='ocrx_word' id='word_1_91' title='bbox 277 1276 347 1312; x_wconf 91' lang='lat' dir='ltr'>que</span> <span class='ocrx_word' id='word_1_92' title='bbox 369 1265 596 1301; x_wconf 85' lang='lat' dir='ltr'>filisormibus</span> <span class='ocrx_word' id='word_1_93' title='bbox 613 1262 1043 1312; x_wconf 84' lang='lat' dir='ltr'>cylindrico—articulatis.</span> <span class='ocrx_word' id='word_1_94' title='bbox 1068 1265 1247 1300; x_wconf 66' lang='lat' dir='ltr'>anmssus</span> <span class='ocrx_word' id='word_1_95' title='bbox 1267 1261 1465 1299; x_wconf 87' lang='lat' dir='ltr'>terminalis</span> <span class='ocrx_word' id='word_1_96' title='bbox 1480 1264 1499 1298; x_wconf 73' lang='lat' dir='ltr'>&#39;e</span> <span class='ocrx_word' id='word_1_97' title='bbox 1514 1264 1656 1311; x_wconf 88' lang='lat' dir='ltr'>pistillis</span> <span class='ocrx_word' id='word_1_98' title='bbox 1674 1265 1904 1312; x_wconf 83' lang='lat' dir='ltr'>paucioribus</span> <span class='ocrx_word' id='word_1_99' title='bbox 1918 1279 2001 1302; x_wconf 79' lang='lat' dir='ltr'>cum</span> 
     </span>
     <span class='ocr_line' id='line_1_12' title="bbox 278 1324 944 1373; baseline -0.003 -13"><span class='ocrx_word' id='word_1_100' title='bbox 278 1325 536 1373; x_wconf 85' lang='lat' dir='ltr'>paraphysibus</span> <span class='ocrx_word' id='word_1_101' title='bbox 558 1324 706 1361; x_wconf 88' lang='lat' dir='ltr'>masculi</span> <span class='ocrx_word' id='word_1_102' title='bbox 725 1329 944 1360; x_wconf 77' lang='lat' dir='ltr'>constantes.</span> 
     </span>
    </p>

    <p class='ocr_par' dir='ltr' id='par_1_6' title="bbox 276 1384 2000 1496">
     <span class='ocr_line' id='line_1_13' title="bbox 326 1384 2000 1435; baseline 0 -13"><span class='ocrx_word' id='word_1_103' title='bbox 326 1387 437 1422; x_wconf 83' lang='lat' dir='ltr'>Musei</span> <span class='ocrx_word' id='word_1_104' title='bbox 456 1386 580 1422; x_wconf 87' lang='lat' dir='ltr'>habitu</span> <span class='ocrx_word' id='word_1_105' title='bbox 600 1385 832 1423; x_wconf 88' lang='lat' dir='ltr'>dicranoideo</span> <span class='ocrx_word' id='word_1_106' title='bbox 853 1384 1028 1432; x_wconf 81' lang='lat' dir='ltr'>insignes,</span> <span class='ocrx_word' id='word_1_107' title='bbox 1041 1396 1234 1431; x_wconf 72' lang='lat' dir='ltr'>perennes,</span> <span class='ocrx_word' id='word_1_108' title='bbox 1246 1385 1279 1420; x_wconf 91' lang='lat' dir='ltr'>in</span> <span class='ocrx_word' id='word_1_109' title='bbox 1300 1385 1394 1421; x_wconf 84' lang='lat' dir='ltr'>saxis</span> <span class='ocrx_word' id='word_1_110' title='bbox 1413 1385 1625 1432; x_wconf 81' lang='lat' dir='ltr'>saxosisque</span> <span class='ocrx_word' id='word_1_111' title='bbox 1644 1386 1689 1422; x_wconf 86' lang='lat' dir='ltr'>ad</span> <span class='ocrx_word' id='word_1_112' title='bbox 1708 1393 1844 1423; x_wconf 89' lang='lat' dir='ltr'>terram</span> <span class='ocrx_word' id='word_1_113' title='bbox 1861 1388 2000 1435; x_wconf 80' lang='lat' dir='ltr'>(rarius</span> 
     </span>
     <span class='ocr_line' id='line_1_14' title="bbox 276 1445 1930 1496; baseline 0.002 -15"><span class='ocrx_word' id='word_1_114' title='bbox 276 1447 319 1481; x_wconf 84' lang='lat' dir='ltr'>ad</span> <span class='ocrx_word' id='word_1_115' title='bbox 338 1447 449 1496; x_wconf 78' lang='lat' dir='ltr'>ligna)</span> <span class='ocrx_word' id='word_1_116' title='bbox 473 1448 661 1495; x_wconf 81' lang='lat' dir='ltr'>regionum</span> <span class='ocrx_word' id='word_1_117' title='bbox 678 1452 957 1494; x_wconf 88' lang='lat' dir='ltr'>temperatarum</span> <span class='ocrx_word' id='word_1_118' title='bbox 975 1445 1029 1481; x_wconf 91' lang='lat' dir='ltr'>vel</span> <span class='ocrx_word' id='word_1_119' title='bbox 1048 1445 1260 1480; x_wconf 82' lang='lat' dir='ltr'>calidiorum</span> <span class='ocrx_word' id='word_1_120' title='bbox 1283 1446 1467 1492; x_wconf 78' lang='lat' dir='ltr'>utriusque</span> <span class='ocrx_word' id='word_1_121' title='bbox 1484 1452 1666 1482; x_wconf 82' lang='lat' dir='ltr'>terrarum</span> <span class='ocrx_word' id='word_1_122' title='bbox 1677 1446 1776 1483; x_wconf 91' lang='lat' dir='ltr'>orbis</span> <span class='ocrx_word' id='word_1_123' title='bbox 1789 1447 1930 1484; x_wconf 82' lang='lat' dir='ltr'>incolae.</span> 
     </span>
    </p>
   </div>
   <div class='ocr_carea' id='block_1_6' title="bbox 739 1549 1526 1599">
    <p class='ocr_par' dir='ltr' id='par_1_7' title="bbox 739 1549 1526 1599">
     <span class='ocr_line' id='line_1_15' title="bbox 739 1549 1526 1599; baseline -0.003 0"><span class='ocrx_word' id='word_1_124' title='bbox 739 1567 1057 1599; x_wconf 82' lang='lat' dir='ltr'><strong>CAMPYLOPUS</strong></span> <span class='ocrx_word' id='word_1_125' title='bbox 1091 1549 1396 1597; x_wconf 61' lang='lat' dir='ltr'>LONGIPILUS.</span> <span class='ocrx_word' id='word_1_126' title='bbox 1424 1567 1526 1598; x_wconf 58' lang='lat' dir='ltr'>Bam.</span> 
     </span>
    </p>
   </div>
   <div class='ocr_carea' id='block_1_7' title="bbox 273 1644 1997 1739">
    <p class='ocr_par' dir='ltr' id='par_1_8' title="bbox 273 1644 1997 1739">
     <span class='ocr_line' id='line_1_16' title="bbox 312 1644 1997 1688; baseline 0.003 -14"><span class='ocrx_word' id='word_1_127' title='bbox 312 1646 344 1674; x_wconf 93' lang='lat' dir='ltr'>C.</span> <span class='ocrx_word' id='word_1_128' title='bbox 370 1646 453 1675; x_wconf 82' lang='lat' dir='ltr'>caule</span> <span class='ocrx_word' id='word_1_129' title='bbox 474 1654 573 1676; x_wconf 81' lang='lat' dir='ltr'>erecto</span> <span class='ocrx_word' id='word_1_130' title='bbox 591 1647 689 1676; x_wconf 84' lang='lat' dir='ltr'>diviso</span> <span class='ocrx_word' id='word_1_131' title='bbox 701 1669 709 1684; x_wconf 88' lang='lat'>,</span> <span class='ocrx_word' id='word_1_132' title='bbox 724 1647 1027 1686; x_wconf 82' lang='lat' dir='ltr'>fastigiato-ramoso,</span> <span class='ocrx_word' id='word_1_133' title='bbox 1044 1644 1125 1673; x_wconf 79' lang='lat' dir='ltr'>foliis</span> <span class='ocrx_word' id='word_1_134' title='bbox 1139 1645 1313 1674; x_wconf 71' lang='lat' dir='ltr'>densissime</span> <span class='ocrx_word' id='word_1_135' title='bbox 1328 1644 1492 1674; x_wconf 84' lang='lat' dir='ltr'>imbricatis</span> <span class='ocrx_word' id='word_1_136' title='bbox 1507 1647 1618 1675; x_wconf 83' lang='lat' dir='ltr'>strictis</span> <span class='ocrx_word' id='word_1_137' title='bbox 1632 1645 1805 1676; x_wconf 86' lang='lat' dir='ltr'>lanceolatis</span> <span class='ocrx_word' id='word_1_138' title='bbox 1827 1648 1913 1688; x_wconf 75' lang='lat' dir='ltr'>louge</span> <span class='ocrx_word' id='word_1_139' title='bbox 1929 1650 1997 1688; x_wconf 86' lang='lat' dir='ltr'>pili-</span> 
     </span>
     <span class='ocr_line' id='line_1_17' title="bbox 273 1695 1995 1739; baseline 0.003 -13"><span class='ocrx_word' id='word_1_140' title='bbox 273 1698 344 1726; x_wconf 86' lang='lat' dir='ltr'>feris</span> <span class='ocrx_word' id='word_1_141' title='bbox 354 1720 361 1733; x_wconf 96' lang='lat'>,</span> <span class='ocrx_word' id='word_1_142' title='bbox 378 1697 441 1736; x_wconf 88' lang='lat' dir='ltr'>pilo</span> <span class='ocrx_word' id='word_1_143' title='bbox 456 1698 645 1728; x_wconf 83' lang='lat' dir='ltr'>denticulato</span> <span class='ocrx_word' id='word_1_144' title='bbox 656 1721 664 1735; x_wconf 92' lang='lat'>‚</span> <span class='ocrx_word' id='word_1_145' title='bbox 683 1708 777 1728; x_wconf 87' lang='lat' dir='ltr'>nervo</span> <span class='ocrx_word' id='word_1_146' title='bbox 800 1697 868 1736; x_wconf 73' lang='lat' dir='ltr'>plus</span> <span class='ocrx_word' id='word_1_147' title='bbox 882 1697 1022 1727; x_wconf 74' lang='lat' dir='ltr'>minusve</span> <span class='ocrx_word' id='word_1_148' title='bbox 1032 1702 1166 1725; x_wconf 80' lang='lat' dir='ltr'>exstante</span> <span class='ocrx_word' id='word_1_149' title='bbox 1184 1695 1334 1726; x_wconf 83' lang='lat' dir='ltr'>lamellato</span> <span class='ocrx_word' id='word_1_150' title='bbox 1351 1696 1388 1725; x_wconf 85' lang='lat' dir='ltr'>ad</span> <span class='ocrx_word' id='word_1_151' title='bbox 1407 1697 1524 1735; x_wconf 83' lang='lat' dir='ltr'>apicem</span> <span class='ocrx_word' id='word_1_152' title='bbox 1540 1699 1704 1736; x_wconf 86' lang='lat' dir='ltr'>percursis,</span> <span class='ocrx_word' id='word_1_153' title='bbox 1726 1699 1849 1729; x_wconf 87' lang='lat' dir='ltr'>madore</span> <span class='ocrx_word' id='word_1_154' title='bbox 1864 1701 1977 1739; x_wconf 85' lang='lat' dir='ltr'>patulis</span> <span class='ocrx_word' id='word_1_155' title='bbox 1989 1726 1995 1738; x_wconf 77' lang='lat'>‚</span> 
     </span>
    </p>
   </div>
   <div class='ocr_carea' id='block_1_8' title="bbox 272 1750 1471 1977">
    <p class='ocr_par' dir='ltr' id='par_1_9' title="bbox 272 1750 1471 1977">
     <span class='ocr_line' id='line_1_18' title="bbox 272 1750 509 1788; baseline 0.004 -10"><span class='ocrx_word' id='word_1_156' title='bbox 272 1750 445 1788; x_wconf 89' lang='lat' dir='ltr'>pedunculo</span> <span class='ocrx_word' id='word_1_157' title='bbox 450 1772 509 1780; x_wconf 88' lang='grc'><em>.....</em></span> 
     </span>
     <span class='ocr_line' id='line_1_19' title="bbox 304 1801 960 1835; baseline 0 -9"><span class='ocrx_word' id='word_1_158' title='bbox 304 1801 474 1833; x_wconf 74' lang='lat' dir='ltr'>Campylopus</span> <span class='ocrx_word' id='word_1_159' title='bbox 491 1803 582 1833; x_wconf 82' lang='lat' dir='ltr'>pilil&#39;er.</span> <span class='ocrx_word' id='word_1_160' title='bbox 599 1804 665 1827; x_wconf 84' lang='lat' dir='ltr'>Brid.</span> <span class='ocrx_word' id='word_1_161' title='bbox 680 1804 758 1827; x_wconf 76' lang='lat' dir='ltr'>Mam.</span> <span class='ocrx_word' id='word_1_162' title='bbox 776 1804 861 1827; x_wconf 78' lang='lat' dir='ltr'>Musc..</span> <span class='ocrx_word' id='word_1_163' title='bbox 881 1804 960 1835; x_wconf 33' lang='lat' dir='ltr'>pm&#39;ffl.</span> 
     </span>
     <span class='ocr_line' id='line_1_20' title="bbox 304 1847 1361 1880; baseline -0.002 -8"><span class='ocrx_word' id='word_1_164' title='bbox 304 1848 442 1872; x_wconf 77' lang='lat' dir='ltr'>Dicranum</span> <span class='ocrx_word' id='word_1_165' title='bbox 455 1849 594 1873; x_wconf 85' lang='lat' dir='ltr'>flexuosum</span> <span class='ocrx_word' id='word_1_166' title='bbox 609 1853 625 1880; x_wconf 91' lang='grc' dir='ltr'>γ</span> <span class='ocrx_word' id='word_1_167' title='bbox 643 1848 780 1880; x_wconf 83' lang='lat' dir='ltr'>pilil&#39;erum.</span> <span class='ocrx_word' id='word_1_168' title='bbox 797 1849 899 1878; x_wconf 85' lang='lat' dir='ltr'>Turner,</span> <span class='ocrx_word' id='word_1_169' title='bbox 914 1849 990 1872; x_wconf 77' lang='lat' dir='ltr'>Musc.</span> <span class='ocrx_word' id='word_1_170' title='bbox 1004 1848 1117 1876; x_wconf 48' lang='lat' dir='ltr'>Hibera,</span> <span class='ocrx_word' id='word_1_171' title='bbox 1137 1854 1162 1877; x_wconf 93' lang='lat' dir='ltr'>p.</span> <span class='ocrx_word' id='word_1_172' title='bbox 1174 1848 1214 1876; x_wconf 71' lang='lat'>74,</span> <span class='ocrx_word' id='word_1_173' title='bbox 1230 1850 1247 1870; x_wconf 79' lang='lat' dir='ltr'>t.</span> <span class='ocrx_word' id='word_1_174' title='bbox 1263 1847 1286 1873; x_wconf 84' lang='lat'>5,</span> <span class='ocrx_word' id='word_1_175' title='bbox 1302 1847 1318 1870; x_wconf 76' lang='lat' dir='ltr'>s.</span> <span class='ocrx_word' id='word_1_176' title='bbox 1337 1848 1361 1870; x_wconf 73' lang='lat'>2.</span> 
     </span>
     <span class='ocr_line' id='line_1_21' title="bbox 304 1893 1305 1932; baseline -0.003 -14"><span class='ocrx_word' id='word_1_177' title='bbox 304 1893 441 1918; x_wconf 80' lang='lat' dir='ltr'>Dieranum</span> <span class='ocrx_word' id='word_1_178' title='bbox 455 1894 593 1918; x_wconf 83' lang='lat' dir='ltr'>flexuosum</span> <span class='ocrx_word' id='word_1_179' title='bbox 612 1895 627 1932; x_wconf 85' lang='grc' dir='ltr'>β</span> <span class='ocrx_word' id='word_1_180' title='bbox 641 1894 819 1924; x_wconf 79' lang='lat' dir='ltr'>nigro-viride.</span> <span class='ocrx_word' id='word_1_181' title='bbox 836 1894 915 1917; x_wconf 81' lang='lat' dir='ltr'>Hook.</span> <span class='ocrx_word' id='word_1_182' title='bbox 928 1899 952 1917; x_wconf 76' lang='lat' dir='ltr'>et</span> <span class='ocrx_word' id='word_1_183' title='bbox 969 1894 1037 1925; x_wconf 75' lang='lat' dir='ltr'>Tayl.</span> <span class='ocrx_word' id='word_1_184' title='bbox 1050 1894 1124 1916; x_wconf 77' lang='lat' dir='ltr'>Musc.</span> <span class='ocrx_word' id='word_1_185' title='bbox 1139 1893 1212 1919; x_wconf 56' lang='lat' dir='ltr'>Brit„</span> <span class='ocrx_word' id='word_1_186' title='bbox 1228 1899 1251 1921; x_wconf 87' lang='lat' dir='ltr'>p.</span> <span class='ocrx_word' id='word_1_187' title='bbox 1265 1893 1305 1915; x_wconf 74' lang='lat'>94.</span> 
     </span>
     <span class='ocr_line' id='line_1_22' title="bbox 301 1936 1471 1977; baseline -0.001 -15"><span class='ocrx_word' id='word_1_188' title='bbox 301 1939 522 1964; x_wconf 79' lang='lat' dir='ltr'>Thesanomitrion</span> <span class='ocrx_word' id='word_1_189' title='bbox 538 1939 677 1964; x_wconf 83' lang='lat' dir='ltr'>flexuosum</span> <span class='ocrx_word' id='word_1_190' title='bbox 695 1940 710 1977; x_wconf 90' lang='grc' dir='ltr'>β</span> <span class='ocrx_word' id='word_1_191' title='bbox 725 1939 898 1970; x_wconf 80' lang='lat' dir='ltr'>nigro-viride.</span> <span class='ocrx_word' id='word_1_192' title='bbox 913 1940 973 1963; x_wconf 81' lang='lat' dir='ltr'>Am.</span> <span class='ocrx_word' id='word_1_193' title='bbox 988 1939 1086 1969; x_wconf 78' lang='lat' dir='ltr'>Dispos.</span> <span class='ocrx_word' id='word_1_194' title='bbox 1108 1938 1186 1968; x_wconf 79' lang='lat' dir='ltr'>Duby,</span> <span class='ocrx_word' id='word_1_195' title='bbox 1206 1938 1262 1960; x_wconf 75' lang='lat' dir='ltr'>Bet.</span> <span class='ocrx_word' id='word_1_196' title='bbox 1279 1936 1355 1965; x_wconf 72' lang='lat' dir='ltr'>Gau„</span> <span class='ocrx_word' id='word_1_197' title='bbox 1374 1944 1398 1967; x_wconf 88' lang='lat' dir='ltr'>p.</span> <span class='ocrx_word' id='word_1_198' title='bbox 1413 1940 1471 1961; x_wconf 74' lang='lat'>572.</span> 
     </span>
    </p>
   </div>
   <div class='ocr_carea' id='block_1_9' title="bbox 302 1982 1606 2060">
    <p class='ocr_par' dir='ltr' id='par_1_10' title="bbox 302 1982 1606 2060">
     <span class='ocr_line' id='line_1_23' title="bbox 303 1982 1064 2015; baseline -0.001 -7"><span class='ocrx_word' id='word_1_199' title='bbox 303 1982 471 2015; x_wconf 75' lang='lat' dir='ltr'>Campylopus</span> <span class='ocrx_word' id='word_1_200' title='bbox 483 1985 627 2015; x_wconf 82' lang='lat' dir='ltr'>longipilus.</span> <span class='ocrx_word' id='word_1_201' title='bbox 648 1985 715 2009; x_wconf 83' lang='lat' dir='ltr'>Brid.</span> <span class='ocrx_word' id='word_1_202' title='bbox 734 1985 818 2014; x_wconf 80' lang='lat' dir='ltr'>Bryol.</span> <span class='ocrx_word' id='word_1_203' title='bbox 838 1985 916 2013; x_wconf 66' lang='lat' dir='ltr'>univ„</span> <span class='ocrx_word' id='word_1_204' title='bbox 935 1990 953 2012; x_wconf 85' lang='lat'>1,</span> <span class='ocrx_word' id='word_1_205' title='bbox 966 1991 991 2014; x_wconf 88' lang='lat' dir='ltr'>p.</span> <span class='ocrx_word' id='word_1_206' title='bbox 1007 1985 1064 2007; x_wconf 77' lang='lat'>477.</span> 
     </span>
     <span class='ocr_line' id='line_1_24' title="bbox 302 2027 1606 2060; baseline 0 -8"><span class='ocrx_word' id='word_1_207' title='bbox 302 2028 471 2060; x_wconf 72' lang='lat' dir='ltr'>Campylopus</span> <span class='ocrx_word' id='word_1_208' title='bbox 488 2030 630 2060; x_wconf 80' lang='lat' dir='ltr'>longipiluS,</span> <span class='ocrx_word' id='word_1_209' title='bbox 647 2031 798 2054; x_wconf 80' lang='lat' dir='ltr'>atro-virens</span> <span class='ocrx_word' id='word_1_210' title='bbox 810 2032 835 2054; x_wconf 81' lang='lat' dir='ltr'>et</span> <span class='ocrx_word' id='word_1_211' title='bbox 849 2028 1053 2060; x_wconf 78' lang='lat' dir='ltr'>polytrichoideS.</span> <span class='ocrx_word' id='word_1_212' title='bbox 1066 2030 1105 2060; x_wconf 33' lang='lat' dir='ltr'>*De</span> <span class='ocrx_word' id='word_1_213' title='bbox 1116 2028 1182 2051; x_wconf 66' lang='lat' dir='ltr'>Nm.</span> <span class='ocrx_word' id='word_1_214' title='bbox 1203 2028 1260 2056; x_wconf 65' lang='lat' dir='ltr'>Syll.</span> <span class='ocrx_word' id='word_1_215' title='bbox 1276 2027 1354 2051; x_wconf 80' lang='lat' dir='ltr'>Musc.</span> <span class='ocrx_word' id='word_1_216' title='bbox 1370 2028 1438 2056; x_wconf 66' lang='lat' dir='ltr'>Ital..</span> <span class='ocrx_word' id='word_1_217' title='bbox 1453 2035 1476 2058; x_wconf 94' lang='lat' dir='ltr'>p.</span> <span class='ocrx_word' id='word_1_218' title='bbox 1497 2029 1555 2053; x_wconf 74' lang='lat'>221.</span> <span class='ocrx_word' id='word_1_219' title='bbox 1571 2036 1606 2059; x_wconf 86' lang='lat' dir='ltr'>sq.</span> 
     </span>
    </p>
   </div>
   <div class='ocr_carea' id='block_1_10' title="bbox 308 2073 1996 2164">
    <p class='ocr_par' dir='ltr' id='par_1_11' title="bbox 308 2073 1996 2164">
     <span class='ocr_line' id='line_1_25' title="bbox 309 2073 1052 2112; baseline 0.003 -11"><span class='ocrx_word' id='word_1_220' title='bbox 309 2073 381 2101; x_wconf 63' lang='lat' dir='ltr'>Han.</span> <span class='ocrx_word' id='word_1_221' title='bbox 400 2073 438 2102; x_wconf 82' lang='lat' dir='ltr'>In</span> <span class='ocrx_word' id='word_1_222' title='bbox 453 2073 551 2102; x_wconf 63' lang='lat' dir='ltr'>insula</span> <span class='ocrx_word' id='word_1_223' title='bbox 566 2073 690 2103; x_wconf 67' lang='lat' dir='ltr'>Canai-ia</span> <span class='ocrx_word' id='word_1_224' title='bbox 704 2075 721 2102; x_wconf 76' lang='grc' dir='ltr'>ἐι</span> <span class='ocrx_word' id='word_1_225' title='bbox 732 2073 768 2102; x_wconf 91' lang='lat' dir='ltr'>cl.</span> <span class='ocrx_word' id='word_1_226' title='bbox 785 2073 956 2112; x_wconf 71' lang='lat' dir='ltr'>Despreaux</span> <span class='ocrx_word' id='word_1_227' title='bbox 969 2074 1052 2103; x_wconf 81' lang='lat' dir='ltr'>lecta.</span> 
     </span>
     <span class='ocr_line' id='line_1_26' title="bbox 308 2123 1996 2164; baseline 0.005 -12"><span class='ocrx_word' id='word_1_228' title='bbox 308 2123 435 2153; x_wconf 76' lang='lat' dir='ltr'>DisTmB.</span> <span class='ocrx_word' id='word_1_229' title='bbox 445 2135 532 2155; x_wconf 83' lang='lat' dir='ltr'>GEOG.</span> <span class='ocrx_word' id='word_1_230' title='bbox 550 2124 583 2153; x_wconf 90' lang='lat' dir='ltr'>In</span> <span class='ocrx_word' id='word_1_231' title='bbox 594 2124 733 2154; x_wconf 65' lang='lat' dir='ltr'>Cambrifz</span> <span class='ocrx_word' id='word_1_232' title='bbox 743 2128 752 2161; x_wconf 93' lang='lat'>(</span> <span class='ocrx_word' id='word_1_233' title='bbox 760 2127 890 2163; x_wconf 79' lang='lat' dir='ltr'>Turner),</span> <span class='ocrx_word' id='word_1_234' title='bbox 906 2125 1255 2164; x_wconf 63' lang='lat' dir='ltr'>Hibernia(Templetmz),</span> <span class='ocrx_word' id='word_1_235' title='bbox 1273 2123 1371 2153; x_wconf 65' lang='lat' dir='ltr'>insula</span> <span class='ocrx_word' id='word_1_236' title='bbox 1381 2124 1501 2154; x_wconf 83' lang='lat' dir='ltr'>AEnaria</span> <span class='ocrx_word' id='word_1_237' title='bbox 1512 2126 1643 2162; x_wconf 75' lang='lat' dir='ltr'>(Bridel),</span> <span class='ocrx_word' id='word_1_238' title='bbox 1657 2128 1688 2155; x_wconf 90' lang='lat' dir='ltr'>in</span> <span class='ocrx_word' id='word_1_239' title='bbox 1700 2129 1859 2159; x_wconf 86' lang='lat' dir='ltr'>montibus</span> <span class='ocrx_word' id='word_1_240' title='bbox 1873 2131 1911 2159; x_wconf 88' lang='lat' dir='ltr'>ad</span> <span class='ocrx_word' id='word_1_241' title='bbox 1923 2131 1996 2161; x_wconf 51' lang='grc' dir='ltr'>ἴθι·-</span> 
     </span>
    </p>
   </div>
   <div class='ocr_carea' id='block_1_11' title="bbox 267 2176 1996 2270">
    <p class='ocr_par' dir='ltr' id='par_1_12' title="bbox 267 2176 1996 2270">
     <span class='ocr_line' id='line_1_27' title="bbox 268 2176 1996 2220; baseline 0.004 -15"><span class='ocrx_word' id='word_1_242' title='bbox 268 2176 382 2205; x_wconf 65' lang='lat' dir='ltr'>hanun]</span> <span class='ocrx_word' id='word_1_243' title='bbox 396 2184 425 2205; x_wconf 87' lang='lat' dir='ltr'>et</span> <span class='ocrx_word' id='word_1_244' title='bbox 440 2177 556 2214; x_wconf 84' lang='lat' dir='ltr'>pascuis</span> <span class='ocrx_word' id='word_1_245' title='bbox 568 2177 720 2205; x_wconf 84' lang='lat' dir='ltr'>montium</span> <span class='ocrx_word' id='word_1_246' title='bbox 734 2177 826 2206; x_wconf 88' lang='lat' dir='ltr'>aridis</span> <span class='ocrx_word' id='word_1_247' title='bbox 838 2177 982 2206; x_wconf 83' lang='lat' dir='ltr'>Sardiniae</span> <span class='ocrx_word' id='word_1_248' title='bbox 999 2177 1054 2218; x_wconf 84' lang='lat' dir='ltr'>(De</span> <span class='ocrx_word' id='word_1_249' title='bbox 1066 2178 1194 2214; x_wconf 69' lang='lat' dir='ltr'>Notaris)</span> <span class='ocrx_word' id='word_1_250' title='bbox 1208 2199 1215 2212; x_wconf 86' lang='lat'>,</span> <span class='ocrx_word' id='word_1_251' title='bbox 1231 2177 1261 2204; x_wconf 90' lang='lat' dir='ltr'>in</span> <span class='ocrx_word' id='word_1_252' title='bbox 1275 2187 1344 2216; x_wconf 80' lang='lat' dir='ltr'>agro</span> <span class='ocrx_word' id='word_1_253' title='bbox 1359 2176 1565 2216; x_wconf 84' lang='lat' dir='ltr'>Andegavensi</span> <span class='ocrx_word' id='word_1_254' title='bbox 1579 2177 1684 2207; x_wconf 81' lang='lat' dir='ltr'>Galliae</span> <span class='ocrx_word' id='word_1_255' title='bbox 1700 2180 1837 2220; x_wconf 80' lang='lat' dir='ltr'>(Guepin)</span> <span class='ocrx_word' id='word_1_256' title='bbox 1847 2204 1854 2218; x_wconf 88' lang='lat'>,</span> <span class='ocrx_word' id='word_1_257' title='bbox 1870 2183 1900 2210; x_wconf 86' lang='lat' dir='ltr'>in</span> <span class='ocrx_word' id='word_1_258' title='bbox 1916 2182 1996 2212; x_wconf 80' lang='lat' dir='ltr'>Nor-</span> 
     </span>
     <span class='ocr_line' id='line_1_28' title="bbox 267 2228 1993 2270; baseline 0.004 -13"><span class='ocrx_word' id='word_1_259' title='bbox 267 2229 389 2257; x_wconf 62' lang='lat' dir='ltr'>mannia</span> <span class='ocrx_word' id='word_1_260' title='bbox 404 2229 583 2269; x_wconf 60' lang='lat' dir='ltr'>(Bre&#39;hzssrson),</span> <span class='ocrx_word' id='word_1_261' title='bbox 594 2229 624 2257; x_wconf 90' lang='lat' dir='ltr'>in</span> <span class='ocrx_word' id='word_1_262' title='bbox 635 2228 788 2258; x_wconf 59' lang='lat' dir='ltr'>Armorica</span> <span class='ocrx_word' id='word_1_263' title='bbox 801 2229 986 2269; x_wconf 77' lang='lat' dir='ltr'>(Monlagne),</span> <span class='ocrx_word' id='word_1_264' title='bbox 1001 2231 1032 2259; x_wconf 89' lang='lat' dir='ltr'>in</span> <span class='ocrx_word' id='word_1_265' title='bbox 1048 2229 1203 2259; x_wconf 84' lang='lat' dir='ltr'>montibus</span> <span class='ocrx_word' id='word_1_266' title='bbox 1218 2230 1514 2268; x_wconf 79' lang='lat' dir='ltr'>Asturicis(Durie11),</span> <span class='ocrx_word' id='word_1_267' title='bbox 1527 2229 1565 2258; x_wconf 86' lang='lat' dir='ltr'>ad</span> <span class='ocrx_word' id='word_1_268' title='bbox 1577 2236 1689 2259; x_wconf 83' lang='lat' dir='ltr'>terram</span> <span class='ocrx_word' id='word_1_269' title='bbox 1702 2233 1854 2270; x_wconf 64' lang='lat' dir='ltr'>caespitose</span> <span class='ocrx_word' id='word_1_270' title='bbox 1865 2233 1993 2264; x_wconf 77' lang='lat' dir='ltr'>habitat.</span> 
     </span>
    </p>
   </div>
   <div class='ocr_carea' id='block_1_12' title="bbox 266 2279 1199 2320">
    <p class='ocr_par' dir='ltr' id='par_1_13' title="bbox 266 2279 1199 2320">
     <span class='ocr_line' id='line_1_29' title="bbox 266 2279 1199 2320; baseline 0 -12"><span class='ocrx_word' id='word_1_271' title='bbox 266 2279 437 2318; x_wconf 85' lang='lat' dir='ltr'>Specimina</span> <span class='ocrx_word' id='word_1_272' title='bbox 451 2280 605 2309; x_wconf 83' lang='lat' dir='ltr'>fructifera</span> <span class='ocrx_word' id='word_1_273' title='bbox 619 2279 700 2308; x_wconf 89' lang='lat' dir='ltr'>solus</span> <span class='ocrx_word' id='word_1_274' title='bbox 713 2279 898 2319; x_wconf 85' lang='lat' dir='ltr'>Templeton</span> <span class='ocrx_word' id='word_1_275' title='bbox 914 2282 945 2310; x_wconf 84' lang='lat' dir='ltr'>in</span> <span class='ocrx_word' id='word_1_276' title='bbox 960 2281 1106 2311; x_wconf 67' lang='lat' dir='ltr'>Hibernia</span> <span class='ocrx_word' id='word_1_277' title='bbox 1118 2281 1199 2320; x_wconf 79' lang='lat' dir='ltr'>legit.</span> 
     </span>
    </p>
   </div>
   <div class='ocr_carea' id='block_1_13' title="bbox 891 2396 1358 2431">
    <p class='ocr_par' dir='ltr' id='par_1_14' title="bbox 891 2396 1358 2431">
     <span class='ocr_line' id='line_1_30' title="bbox 891 2396 1358 2431; baseline -0.004 -1"><span class='ocrx_word' id='word_1_278' title='bbox 891 2396 1173 2431; x_wconf 83' lang='lat' dir='ltr'>DICRANUM.</span> <span class='ocrx_word' id='word_1_279' title='bbox 1208 2397 1235 2428; x_wconf 89' lang='lat' dir='ltr'>H</span> <span class='ocrx_word' id='word_1_280' title='bbox 1250 2404 1358 2429; x_wconf 85' lang='lat' dir='ltr'>EDW.</span> 
     </span>
    </p>
   </div>
   <div class='ocr_carea' id='block_1_14' title="bbox 257 2492 1988 2970">
    <p class='ocr_par' dir='ltr' id='par_1_15' title="bbox 257 2492 1988 2909">
     <span class='ocr_line' id='line_1_31' title="bbox 314 2492 1988 2541; baseline 0.004 -13"><span class='ocrx_word' id='word_1_281' title='bbox 314 2496 559 2530; x_wconf 73' lang='lat' dir='ltr'>Pssms&#39;rommm</span> <span class='ocrx_word' id='word_1_282' title='bbox 593 2493 760 2541; x_wconf 83' lang='lat' dir='ltr'>simplex.</span> <span class='ocrx_word' id='word_1_283' title='bbox 790 2496 922 2529; x_wconf 88' lang='lat' dir='ltr'>Dentes</span> <span class='ocrx_word' id='word_1_284' title='bbox 952 2492 1109 2529; x_wconf 85' lang='lat' dir='ltr'>sedecim</span> <span class='ocrx_word' id='word_1_285' title='bbox 1145 2493 1544 2530; x_wconf 72' lang='lat' dir='ltr'>arcnato-conniventes</span> <span class='ocrx_word' id='word_1_286' title='bbox 1572 2495 1616 2531; x_wconf 89' lang='lat' dir='ltr'>ad</span> <span class='ocrx_word' id='word_1_287' title='bbox 1646 2496 1806 2533; x_wconf 88' lang='lat' dir='ltr'>medium</span> <span class='ocrx_word' id='word_1_288' title='bbox 1827 2498 1988 2535; x_wconf 84' lang='lat' dir='ltr'>bi-trifidi</span> 
     </span>
     <span class='ocr_line' id='line_1_32' title="bbox 264 2552 1988 2602; baseline 0.005 -13"><span class='ocrx_word' id='word_1_289' title='bbox 264 2554 430 2590; x_wconf 86' lang='lat' dir='ltr'>cruribus</span> <span class='ocrx_word' id='word_1_290' title='bbox 447 2555 627 2602; x_wconf 81' lang='lat' dir='ltr'>parallelis</span> <span class='ocrx_word' id='word_1_291' title='bbox 645 2553 923 2602; x_wconf 76' lang='lat' dir='ltr'>subaequalibus.</span> <span class='ocrx_word' id='word_1_292' title='bbox 945 2556 1103 2590; x_wconf 82' lang='lat' dir='ltr'>CAPSULA</span> <span class='ocrx_word' id='word_1_293' title='bbox 1123 2552 1321 2589; x_wconf 86' lang='lat' dir='ltr'>terminalis</span> <span class='ocrx_word' id='word_1_294' title='bbox 1338 2553 1525 2602; x_wconf 75' lang='lat' dir='ltr'>inaequalis</span> <span class='ocrx_word' id='word_1_295' title='bbox 1543 2567 1678 2593; x_wconf 88' lang='lat' dir='ltr'>cernua</span> <span class='ocrx_word' id='word_1_296' title='bbox 1697 2558 1752 2594; x_wconf 88' lang='lat' dir='ltr'>vel</span> <span class='ocrx_word' id='word_1_297' title='bbox 1773 2560 1988 2597; x_wconf 81' lang='lat' dir='ltr'>rectiuscula</span> 
     </span>
     <span class='ocr_line' id='line_1_33' title="bbox 263 2614 1985 2667; baseline 0.005 -18"><span class='ocrx_word' id='word_1_298' title='bbox 263 2615 434 2662; x_wconf 87' lang='lat' dir='ltr'>apophysi</span> <span class='ocrx_word' id='word_1_299' title='bbox 452 2615 574 2662; x_wconf 70' lang='lat' dir='ltr'>spuria</span> <span class='ocrx_word' id='word_1_300' title='bbox 590 2615 646 2651; x_wconf 88' lang='lat' dir='ltr'>vel</span> <span class='ocrx_word' id='word_1_301' title='bbox 665 2615 763 2651; x_wconf 73' lang='lat' dir='ltr'>nulla</span> <span class='ocrx_word' id='word_1_302' title='bbox 781 2626 866 2651; x_wconf 89' lang='lat' dir='ltr'>cum</span> <span class='ocrx_word' id='word_1_303' title='bbox 885 2621 921 2650; x_wconf 88' lang='lat' dir='ltr'>et</span> <span class='ocrx_word' id='word_1_304' title='bbox 937 2614 1070 2663; x_wconf 86' lang='lat' dir='ltr'>absque</span> <span class='ocrx_word' id='word_1_305' title='bbox 1087 2614 1233 2650; x_wconf 89' lang='lat' dir='ltr'>annulo.</span> <span class='ocrx_word' id='word_1_306' title='bbox 1256 2616 1471 2652; x_wconf 77' lang='lat' dir='ltr'>OPERCULUM</span> <span class='ocrx_word' id='word_1_307' title='bbox 1490 2616 1695 2654; x_wconf 86' lang='lat' dir='ltr'>subulatum</span> <span class='ocrx_word' id='word_1_308' title='bbox 1725 2619 1831 2667; x_wconf 77' lang='lat' dir='ltr'>longe</span> <span class='ocrx_word' id='word_1_309' title='bbox 1849 2629 1985 2657; x_wconf 86' lang='lat' dir='ltr'>rostra-</span> 
     </span>
     <span class='ocr_line' id='line_1_34' title="bbox 262 2674 1986 2725; baseline 0.005 -15"><span class='ocrx_word' id='word_1_310' title='bbox 262 2681 351 2711; x_wconf 87' lang='lat' dir='ltr'>tum.</span> <span class='ocrx_word' id='word_1_311' title='bbox 373 2678 557 2712; x_wconf 76' lang='lat' dir='ltr'>CALYPTRA</span> <span class='ocrx_word' id='word_1_312' title='bbox 576 2676 847 2713; x_wconf 85' lang='lat' dir='ltr'>cuculliformis.</span> <span class='ocrx_word' id='word_1_313' title='bbox 884 2679 1017 2712; x_wconf 79' lang='lat' dir='ltr'><strong>SEMINA</strong></span> <span class='ocrx_word' id='word_1_314' title='bbox 1033 2675 1160 2723; x_wconf 87' lang='lat' dir='ltr'>pusilla</span> <span class='ocrx_word' id='word_1_315' title='bbox 1193 2674 1288 2722; x_wconf 80' lang='lat' dir='ltr'>saepe</span> <span class='ocrx_word' id='word_1_316' title='bbox 1313 2675 1473 2712; x_wconf 78' lang='lat' dir='ltr'>echinata</span> <span class='ocrx_word' id='word_1_317' title='bbox 1498 2677 1874 2725; x_wconf 74' lang='lat' dir='ltr'>tri-quadrilocularia.</span> <span class='ocrx_word' id='word_1_318' title='bbox 1897 2685 1986 2719; x_wconf 61' lang='lat' dir='ltr'>Fros</span> 
     </span>
     <span class='ocr_line' id='line_1_35' title="bbox 262 2735 1982 2792; baseline 0.005 -21"><span class='ocrx_word' id='word_1_319' title='bbox 262 2735 459 2772; x_wconf 85' lang='lat' dir='ltr'>terminalis</span> <span class='ocrx_word' id='word_1_320' title='bbox 481 2736 639 2781; x_wconf 86' lang='lat' dir='ltr'>dioicus,</span> <span class='ocrx_word' id='word_1_321' title='bbox 666 2737 847 2774; x_wconf 78' lang='lat' dir='ltr'>rarissime</span> <span class='ocrx_word' id='word_1_322' title='bbox 873 2737 1073 2773; x_wconf 89' lang='lat' dir='ltr'>monoicus.</span> <span class='ocrx_word' id='word_1_323' title='bbox 1104 2740 1291 2773; x_wconf 77' lang='lat' dir='ltr'><strong>MASCULUS</strong></span> <span class='ocrx_word' id='word_1_324' title='bbox 1319 2749 1365 2773; x_wconf 78' lang='lat' dir='ltr'>ex</span> <span class='ocrx_word' id='word_1_325' title='bbox 1390 2738 1549 2775; x_wconf 86' lang='lat' dir='ltr'>antheris</span> <span class='ocrx_word' id='word_1_326' title='bbox 1577 2747 1650 2777; x_wconf 89' lang='lat' dir='ltr'>tres</span> <span class='ocrx_word' id='word_1_327' title='bbox 1675 2741 1720 2777; x_wconf 86' lang='lat' dir='ltr'>ad</span> <span class='ocrx_word' id='word_1_328' title='bbox 1749 2742 1982 2792; x_wconf 77' lang='lat' dir='ltr'>viginti-qua-</span> 
     </span>
     <span class='ocr_line' id='line_1_36' title="bbox 259 2796 1977 2853; baseline 0.006 -22"><span class='ocrx_word' id='word_1_329' title='bbox 259 2803 342 2832; x_wconf 83' lang='lat' dir='ltr'>tuor</span> <span class='ocrx_word' id='word_1_330' title='bbox 361 2796 543 2833; x_wconf 84' lang='lat' dir='ltr'>filamento</span> <span class='ocrx_word' id='word_1_331' title='bbox 562 2797 775 2835; x_wconf 87' lang='lat' dir='ltr'>brevissimo</span> <span class='ocrx_word' id='word_1_332' title='bbox 794 2798 947 2834; x_wconf 80' lang='lat' dir='ltr'>suffultis</span> <span class='ocrx_word' id='word_1_333' title='bbox 965 2798 1292 2846; x_wconf 80' lang='lat' dir='ltr'>paraphysibusquc</span> <span class='ocrx_word' id='word_1_334' title='bbox 1313 2798 1539 2836; x_wconf 85' lang='lat' dir='ltr'>filiformibus</span> <span class='ocrx_word' id='word_1_335' title='bbox 1553 2801 1741 2849; x_wconf 85' lang='lat' dir='ltr'>aequaliter</span> <span class='ocrx_word' id='word_1_336' title='bbox 1758 2803 1977 2853; x_wconf 76' lang='lat' dir='ltr'>articulati83</span> 
     </span>
     <span class='ocr_line' id='line_1_37' title="bbox 257 2858 1913 2909; baseline 0.005 -17"><span class='ocrx_word' id='word_1_337' title='bbox 257 2868 430 2895; x_wconf 77' lang='lat' dir='ltr'>FEMiNEus</span> <span class='ocrx_word' id='word_1_338' title='bbox 449 2859 469 2894; x_wconf 82' lang='lat' dir='ltr'>e</span> <span class='ocrx_word' id='word_1_339' title='bbox 480 2858 622 2906; x_wconf 88' lang='lat' dir='ltr'>pistillis</span> <span class='ocrx_word' id='word_1_340' title='bbox 635 2865 789 2906; x_wconf 84' lang='lat' dir='ltr'>quatuor</span> <span class='ocrx_word' id='word_1_341' title='bbox 806 2860 851 2896; x_wconf 87' lang='lat' dir='ltr'>ad</span> <span class='ocrx_word' id='word_1_342' title='bbox 867 2859 990 2907; x_wconf 81' lang='lat' dir='ltr'>viginti</span> <span class='ocrx_word' id='word_1_343' title='bbox 1009 2866 1045 2895; x_wconf 83' lang='lat' dir='ltr'>et</span> <span class='ocrx_word' id='word_1_344' title='bbox 1064 2859 1159 2895; x_wconf 79' lang='lat' dir='ltr'>ultra</span> <span class='ocrx_word' id='word_1_345' title='bbox 1179 2859 1506 2909; x_wconf 80' lang='lat' dir='ltr'>paraphysibusque</span> <span class='ocrx_word' id='word_1_346' title='bbox 1526 2862 1674 2898; x_wconf 88' lang='lat' dir='ltr'>masculi</span> <span class='ocrx_word' id='word_1_347' title='bbox 1693 2870 1913 2902; x_wconf 85' lang='lat' dir='ltr'>constantes.</span> 
     </span>
    </p>

    <p class='ocr_par' dir='ltr' id='par_1_16' title="bbox 305 2919 1981 2970">
     <span class='ocr_line' id='line_1_38' title="bbox 305 2919 1981 2970; baseline 0.006 -16"><span class='ocrx_word' id='word_1_348' title='bbox 305 2919 416 2955; x_wconf 85' lang='lat' dir='ltr'>Musei</span> <span class='ocrx_word' id='word_1_349' title='bbox 439 2931 619 2967; x_wconf 88' lang='lat' dir='ltr'>perennes</span> <span class='ocrx_word' id='word_1_350' title='bbox 637 2920 749 2956; x_wconf 85' lang='lat' dir='ltr'>erecti</span> <span class='ocrx_word' id='word_1_351' title='bbox 769 2921 901 2957; x_wconf 84' lang='lat' dir='ltr'>ramosi</span> <span class='ocrx_word' id='word_1_352' title='bbox 920 2933 985 2968; x_wconf 90' lang='lat' dir='ltr'>per</span> <span class='ocrx_word' id='word_1_353' title='bbox 1012 2927 1127 2957; x_wconf 87' lang='lat' dir='ltr'>totum</span> <span class='ocrx_word' id='word_1_354' title='bbox 1151 2920 1276 2956; x_wconf 82' lang='lat' dir='ltr'>orbem</span> <span class='ocrx_word' id='word_1_355' title='bbox 1297 2919 1438 2968; x_wconf 67' lang='lat' dir='ltr'>opigaei‚</span> <span class='ocrx_word' id='word_1_356' title='bbox 1468 2929 1654 2970; x_wconf 84' lang='lat' dir='ltr'>rupestres</span> <span class='ocrx_word' id='word_1_357' title='bbox 1667 2950 1676 2967; x_wconf 89' lang='lat'><strong>‚</strong></span> <span class='ocrx_word' id='word_1_358' title='bbox 1706 2924 1823 2962; x_wconf 74' lang='lat' dir='ltr'>rarius</span> <span class='ocrx_word' id='word_1_359' title='bbox 1840 2927 1981 2965; x_wconf 88' lang='lat' dir='ltr'>arborei</span> 
     </span>
    </p>
   </div>
   <div class='ocr_carea' id='block_1_15' title="bbox 257 2979 521 3027">
    <p class='ocr_par' dir='ltr' id='par_1_17' title="bbox 257 2979 521 3027">
     <span class='ocr_line' id='line_1_39' title="bbox 257 2979 521 3027; baseline 0.004 -12"><span class='ocrx_word' id='word_1_360' title='bbox 257 2980 312 3015; x_wconf 85' lang='lat' dir='ltr'>vel</span> <span class='ocrx_word' id='word_1_361' title='bbox 332 2979 521 3027; x_wconf 83' lang='lat' dir='ltr'>lignicolae.</span> 
     </span>
    </p>
   </div>
  </div>
 </body>
</html>
